3222 5148
331 336 394 400 ιιι
664 290 840 401 novun
869 333 1117 401 oueauuu.

330 495 504 568 theoriam
534 495 670 567 nuliam
697 495 941 580 universalem,
971 506 1035 567 aut
1064 496 1241 591 integram
1267 496 1434 590 proponi·

329 634 420 684 mua.
472 610 604 705 Neque
620 613 715 683 enim
732 611 817 684 huic
832 614 885 685 rei
901 622 1044 706 tempus
1060 611 1177 684 adhuc
1193 613 1317 684 adem
1334 612 1434 684 ride-

330 737 401 801 tur.
453 727 550 814 Quin
579 751 646 800 nec
675 749 775 822 apem
801 728 973 801 habemus
999 729 1081 800 vite
1109 729 1360 822 producendae,
1387 727 1435 798 ad

331 855 470 918 sextam
481 842 754 917 Imtaurutionia
771 854 908 940 partem
926 847 1023 938 (quae
1040 844 1284 939 philosophiae,
1300 867 1367 938 per
1383 843 1435 917 le-

329 963 492 1057 gitimam
525 971 664 1034 naturae
692 963 1022 1055 interpretationem
1055 963 1223 1044 inventae‚
1253 962 1434 1034 destinata

330 1079 400 1166 est)
423 1078 694 1160 absolvendam
719 1079 781 1150 aed
805 1079 890 1150 satia
912 1078 1093 1165 habemus,
1111 1079 1141 1151 ei
1166 1079 1204 1149 in
1226 1079 1355 1150 mediis
1378 1102 1434 1150 ao-

330 1193 407 1266 brie
440 1202 479 1266 et
511 1195 649 1266 utiliter
681 1217 746 1266 noa
779 1216 953 1289 geramus,
978 1206 1087 1288 atque
1120 1195 1265 1266 interim
1295 1195 1434 1266 semina

330 1312 490 1384 veritatis
511 1311 709 1384 amoenioris
727 1312 764 1382 in
782 1323 942 1405 posteros
961 1334 1174 1408 spargamus,
1192 1321 1301 1406 atque
1321 1311 1434 1384 initiis

328 1451 448 1500 rerum
464 1450 674 1524 magnarum
691 1451 763 1499 non
781 1428 946 1500 desimus.

795 1608 958 1683 cxvll.

378 1721 502 1818 Atque
523 1725 824 1817 quemadmodum
844 1733 950 1797 sectae
973 1724 1175 1796 conditores
1198 1747 1267 1796 non
1286 1748 1432 1812 aumua;

328 1840 381 1911 ita
405 1863 473 1912 nec
500 1863 649 1934 operum
677 1840 943 1934 particularium
968 1839 1164 1936 largitores,
1190 1849 1253 1912 aut
1282 1845 1433 1936 promia-

328 1953 467 2028 aores⁵⁰.
517 1955 693 2028 Attamen
710 1958 822 2050 poscit
842 1955 970 2050 aliquia
994 1955 1063 2027 hoc
1084 1957 1192 2027 modo
1218 1980 1431 2044 occurrere3

327 2071 422 2165 quod
445 2094 520 2157 noa,
538 2072 600 2164 qui
620 2080 695 2142 tam
718 2093 814 2166 aaepc
838 2093 986 2165 opemm
1005 2072 1225 2144 mentionem
1247 2072 1432 2160 faciamus,

327 2198 366 2262 et
392 2190 512 2261 omnia
537 2211 582 2262 eo
608 2188 799 2272 trahamus,
827 2189 937 2260 ctiam
966 2211 1113 2284 operum
1142 2188 1344 2282 aliquorum
1377 2193 1433 2285 pi·

325 2327 439 2400 gnora
472 2303 713 2377 exhibeamus.
765 2302 906 2377 Verum
934 2307 993 2376 via
1025 2315 1146 2377 nostra
1179 2315 1218 2377 et
1251 2307 1344 2379 ratio
1375 2311 1432 2400 (ut

327 2443 423 2515 aaepe
445 2421 630 2515 perspicue
653 2421 819 2506 diximus,
837 2429 876 2492 et
892 2421 1010 2494 adhuc
1027 2423 1144 2494 dicere
1154 2422 1273 2516 jurat)
1293 2447 1337 2496 ea
1354 2433 1430 2511 θείς

327 2545 370 2608 ut
386 2559 458 2608 uon
473 2559 581 2629 opera
597 2558 644 2608 ex
665 2535 840 2630 operibat,
858 2538 932 2610 aive
954 2538 1200 2632 experimenta
1219 2561 1268 2610 ex
1290 2540 1432 2634 experi-

326 2653 467 2734 mentis,
486 2654 543 2744 (ut
565 2653 739 2748 empirici)
763 2653 825 2724 sed
849 2676 895 2724 ex
919 2654 1084 2748 operibus
1108 2665 1148 2726 et
1173 2655 1430 2748 experimentis

326 2791 450 2840 causas
479 2777 517 2839 et
543 2769 732 2852 axiomata,
759 2777 868 2862 atque
895 2793 940 2842 ex
970 2771 1083 2842 caucia
1116 2777 1155 2841 et
1188 2770 1430 2843 axiomatibus

326 2905 446 2956 rurant
466 2907 557 2957 nova
580 2907 686 2980 opera
707 2891 745 2957 et
768 2886 1016 2978 experimenta
1033 2884 1090 2974 (ut
1113 2883 1265 2980 legitimi
1289 2895 1429 2958 naturae
1538 2919 1549 2948 a
1584 2945 1586 2966 .

325 3001 552 3096 interpretes)
570 2999 809 3072 extrahamus.

375 3115 498 3212 Atque
516 3117 602 3189 licet
619 3119 657 3188 in
673 3113 804 3187 tabuiis
830 3118 958 3187 uoatria
984 3115 1200 3197 inveniendi,
1219 3119 1281 3210 (ex
1299 3117 1429 3210 quibua

325 3329 517 3404 beyoadboth
537 3331 580 3387 hia
598 3330 721 3403 strength
739 3328 794 3385 aad
813 3328 855 3384 hia
895 3329 1429 3404 willingtotpaadhialiieinmahing

324 3407 417 3480 hopca.
444 3411 489 3466 He
499 3427 580 3465 naver
591 3408 735 3480 attempted
746 3409 776 3463 it.
797 3407 856 3464 The
895 3409 1075 3480 preparatione
1091 3407 1134 3465 ior
1145 3407 1191 3465 tha
1206 3408 1262 3464 raia
1276 3408 1331 3464 aad
1343 3409 1429 3465 better

325 3487 432 3543 whcma
448 3489 472 3543 ia
490 3487 668 3559 magnificant,
681 3487 734 3543 and
750 3485 856 3558 though
895 3497 1020 3542 entrance
1034 3486 1065 3542 oi
1079 3486 1170 3543 othere
1187 3487 1244 3542 into
1261 3487 1309 3543 the
1326 3487 1428 3543 reward

325 3565 452 3638 porterity
463 3565 532 3620 hara
549 3575 598 3620 not
611 3563 712 3620 carried
727 3565 749 3619 it
766 3574 814 3620 ont
825 3581 856 3620 aa
895 3566 926 3622 oi
934 3565 977 3622 hia
989 3565 1101 3620 triadum
1113 3564 1167 3621 aad
1179 3566 1299 3622 lahama.

324 3640 360 3697 hc
390 3642 518 3698 eketchad
541 3643 571 3708 it,
601 3643 655 3698 aad
679 3641 783 3714 though
812 3641 855 3698 hia
930 3643 957 3684 ⁸⁰
975 3644 1035 3700 Stiil
1053 3660 1090 3699 uo
1106 3645 1221 3716 promiaa
1237 3643 1269 3700 oi
1285 3645 1429 3716 particular

325 3724 344 3750 ‘¹
357 3719 504 3776 Mathodua
528 3719 727 3776 suencuam
754 3721 777 3776 ie
807 3730 856 3776 not
895 3724 1032 3779 rarultaor
1044 3721 1161 3778 “fruit’'
1180 3723 1302 3778 Bacenis
1314 3725 1427 3780 anxious

325 3799 428 3870 strictly
445 3797 577 3863 followed,
589 3809 633 3870 yet
654 3817 691 3854 uo
708 3799 759 3854 fair
779 3798 855 3855 mind
896 3801 954 3856 first
967 3811 997 3856 to
1007 3799 1084 3857 build
1095 3819 1133 3873 up
1146 3800 1190 3856 hia
1201 3801 1325 3867 Metaon,
1338 3813 1387 3858 not
1400 3803 1428 3858 in

324 3876 379 3930 viil
393 3875 481 3932 rainae
494 3875 552 3931 him
565 3876 611 3933 the
628 3877 734 3933 honour
747 3877 778 3932 of
789 3877 855 3933 har·
895 3879 970 3934 itaals
983 3895 1019 3934 aa
1031 3879 1094 3945 aad,
1107 3880 1156 3936 hut
1170 3897 1290 3937 amaena
1308 3880 1427 3953 through

323 3954 855 4028 ingmnwglouounpmpoetand
895 3957 1427 4032 whichraaultaraayhaioraveruewiy

323 4033 855 4106 yetoiharingrefraiuadiromhaatan·
895 4037 1020 4094 amined.
1064 4037 1103 4093 So
1125 4037 1218 4102 ahora,
1241 4037 1276 4093 ha
1304 4037 1355 4094 hac
1381 4037 1428 4092 the

322 4112 855 4184 ingoatoanjoyaianriadhappiucaa
895 4133 968 4172 rama
985 4115 1110 4188 thought,
1125 4115 1178 4172 aad
1194 4116 1240 4172 the
1259 4133 1333 4172 nme
1351 4118 1427 4172 illaa-

323 4191 352 4246 ia
375 4191 434 4247 that
458 4190 555 4246 “Nan
575 4191 743 4248 Continent'’
766 4191 855 4247 which
894 4193 992 4250 tration
1011 4195 1081 4252 irum
1101 4197 1234 4252 Atalanta.
1278 4195 1322 4252 ct.
1346 4195 1370 4252 1.
1383 4209 1426 4268 70,

322 4269 358 4325 ha
374 4269 511 4327 deacricdr
537 4269 569 4324 ci
583 4269 683 4344 haring
701 4269 854 4328 ducovered
895 4272 948 4330 and
963 4289 1021 4330 rar.

322 4348 414 4415 much,
426 4349 480 4406 and
501 4353 548 4422 yet
563 4349 595 4405 ot
609 4348 652 4406 hia
669 4347 770 4421 haring
786 4349 854 4406 baeu
