3156 5176
316 261 382 328 880
743 261 987 326 annx

317 422 509 492 Parmenides,
523 425 586 498 ejus
599 423 788 502 philosophia,
802 443 852 498 42.
869 427 919 502 58.

316 521 500 578 Particularia
513 519 542 578 in
557 520 686 579 ordinem
700 521 867 598 redigenda,
880 541 930 598 pp

316 619 419 676 Partus
433 619 578 694 temporis,
593 617 710 677 Novum
725 619 875 696 Organum
889 629 943 686 est,
958 619 1009 678 66.
1024 637 1097 676 ino.

318 717 466 782 Patricius,
488 734 551 774 ιιο.

318 815 480 873 Penetrntio
495 813 713 879 dimensionum,
731 832 799 890 29¹·

319 911 507 988 Peripatetici,
522 929 622 969 eorum
635 911 737 968 caloris
751 911 888 976 definitio,
904 925 972 986 297.

319 1008 490 1084 Perspicilla,
507 1026 523 1064 2
526 1020 574 1084 57.
595 1008 725 1082 quedem
739 1028 756 1066 a
770 1008 882 1066 Galileo
896 1006 1019 1072 inventa,
1036 1006 1107 1082 ²5⁸·

318 1106 476 1164 Peruviune
490 1105 579 1180 regio,
596 1105 665 1162 216.
682 1123 750 1178 240.

318 1204 509 1262 Phaenomena
517 1203 578 1260 eseli
587 1211 617 1261 et
628 1201 873 1279 philosophorum,
878 1219 927 1280 39.
942 1201 1012 1260 artis
1020 1210 1051 1260 et
1058 1209 1172 1260 naturae
1180 1213 1433 1278 comparemrop.

320 1297 441 1373 Philippi
456 1295 624 1355 Macedonia
638 1296 675 1354 ud
688 1297 887 1372 pauperculam
900 1297 1059 1372 responsio,
1078 1295 1144 1354 118.

318 1395 487 1452 Philocratis
501 1394 537 1452 de
551 1413 630 1470 aqum
644 1406 675 1452 et
689 1394 746 1452 vini
760 1395 907 1471 potoribus
920 1394 1038 1460 dictum,
1057 1412 1125 1452 120.

319 1492 475 1560 Philolaus,
489 1492 538 1566 58.

319 1589 510 1665 Philosophiae
528 1597 558 1647 et
578 1589 761 1648 scientiarum
775 1591 938 1656 discrimen,
953 1606 1002 1662 ³²·
1034 1589 1209 1657 Aristotelis,
1225 1607 1278 1663 40·
1308 1589 1430 1664 dogm-

359 1687 490 1751 ticorum,
506 1687 715 1762 empiricorum.
738 1687 967 1762 sophisticorum,
982 1686 1260 1762 superstitiosorum,
1275 1687 1313 1744 ib.
1349 1687 1430 1762 signa

360 1787 422 1861 ejus
439 1784 525 1850 varia,
543 1799 581 1860 57
597 1803 660 1860 sqq.
682 1803 719 1842 ex
737 1783 877 1842 fiuctibus
886 1783 1050 1860 judicanda,
1065 1784 1117 1842 6ο.
1138 1783 1309 1842 Aristotelis
1322 1793 1354 1840 et
1367 1783 1428 1840 Pla-

360 1885 437 1942 tonis
450 1893 584 1960 tanquam
599 1885 702 1942 tabule
720 1885 841 1942 leviores
854 1892 976 1951 semes,
991 1883 1041 1957 64.

321 1981 503 2059 Philosophia
525 1982 661 2041 naturalia
684 1983 893 2058 superstitionis
914 1981 1065 2047 medicina,
1082 1983 1131 2056 87.
1163 1982 1361 2057 corrumpitur
1379 1999 1428 2056 per

360 2080 483 2156 logicam
506 2079 674 2148 Aristotelis,
695 2099 747 2155 per
767 2079 942 2156 theologiam
964 2079 1100 2144 Platonis,
1121 2097 1175 2154 per
1196 2079 1426 2138 mathemsooeu

362 2177 465 2242 Procli,
482 2195 530 2252 94.
562 2179 623 2255 ejus
637 2179 751 2253 propria
763 2176 874 2242 divisio,
894 2193 960 2251 ¹47·

320 2273 559 2350 Philosophorum
574 2274 669 2332 multe
684 2283 779 2338 secte.
796 2291 844 2348 39,
859 2293 908 2347 4ο.

321 2371 475 2430 Phocionis
488 2372 524 2430 de
538 2371 637 2447 plausu
652 2371 747 2446 populi
762 2371 879 2438 dictum,
894 2371 943 2447 65.

321 2469 443 2545 Physica
463 2467 643 2545 philosophia
663 2467 771 2544 optima
791 2487 877 2543 quum
895 2487 913 2526 a
932 2469 1138 2526 Mathematica
1159 2469 1344 2536 terminatur,
1363 2469 1423 2542 146.

363 2563 389 2622 ei
404 2565 605 2623 subordinatur
618 2563 792 2632 mechanica,
811 2567 878 2636 148.

324 2662 408 2720 Picus
422 2663 458 2720 de
470 2660 623 2738 Tenatiph,
643 2673 708 2736 154.

323 2757 411 2816 Pinus
429 2759 509 2836 picea
526 2759 629 2835 sepius
647 2757 675 2814 in
694 2757 857 2834 temonibus
876 2757 988 2835 frigidis
1009 2777 1092 2834 quam
1108 2759 1138 2817 in
1153 2759 1255 2816 culidis
1275 2759 1424 2822 invenitur,

370 2875 379 2914 ι
385 2867 436 2934 59.

323 2955 419 3014 Pisces
432 2973 484 3032 per
497 2955 632 3014 interiore
644 2953 738 3011 minus
751 2953 843 3018 calidi,
864 2968 929 3027 173.
949 2953 1089 3020 volantes,
1105 2953 1181 3012 inter
1194 2973 1264 3012 ares
1278 2963 1309 3012 et
1325 2955 1424 3031 pianes,

366 3069 435 3112 nor.

324 3149 503 3208 Planetarum
519 3149 612 3214 urbes,
627 3147 675 3221 36.
708 3147 799 3222 spatia
817 3165 915 3204 eorum
929 3165 987 3203 non
1002 3165 1090 3204 moun
1108 3146 1172 3204 aliis
1192 3147 1294 3214 stellis,
1312 3165 1327 3204 2
1332 3147 1380 3222 58.
1410 3167 1426 3202 a

365 3246 435 3304 caelo
448 3245 561 3304 stellato
575 3245 698 3312 attracti,
713 3262 783 3318 300.

324 3347 415 3411 Plato,
430 3343 651 3420 superstitiosus,
661 3357 711 3418 45.
740 3342 934 3418 coutulepsioss
948 3339 1114 3406 introduxit,
1131 3355 1180 3417 52.
1212 3335 1343 3418 s‘ophiets
1356 3351 1424 3404 erat.

366 3461 416 3518 57.
441 3439 621 3519 philosophia
635 3441 696 3516 ejus
710 3459 792 3503 rana,
807 3439 857 3514 58.
873 3439 923 3512 64.
951 3437 1196 3514 peregn‘uatidnes
1209 3441 1281 3516 ejus,
1297 3442 1349 3498 60.
1376 3457 1425 3514 per

365 3538 539 3614 theologiam
553 3535 762 3612 philosophiam
776 3535 933 3594 naturalem
947 3535 1083 3611 corrupit,
1098 3553 1148 3612 94.
1177 3535 1381 3614 injectionibus
1397 3543 1425 3591 et

365 3636 506 3712 negativis
520 3636 557 3693 ad
575 3636 755 3694 definitiones
773 3635 986 3694 constituendas
1001 3653 1069 3692 usus
1083 3643 1137 3700 est,
1157 3652 1222 3692 ror.
1252 3633 1365 3710 ejusde
1383 3632 1423 3690 di·

365 3733 473 3790 visione
488 3741 517 3790 et
531 3732 695 3791 delinitione
710 3733 826 3801 dictum,
844 3751 912 3790 ω.

324 3831 417 3904 mori
433 3829 600 3898 Democriti,
617 3847 686 3904 234.
705 3847 773 3906 ²92·

326 3927 431 3985 Plinius
446 3935 533 4002 negat
548 3926 612 3984 vilia
626 3945 642 3984 a
656 3926 773 4004 physion
786 3924 966 4002 philosophia
980 3925 1118 4000 ejicienda
1132 3943 1205 3990 esse,
1226 3925 1292 3980 116.

327 4025 460 4084 Politicus
475 4033 580 4092 motus,
597 4041 666 4100 309.

328 4121 415 4179 Polus
430 4121 565 4196 sophista,
581 4133 629 4195 57.

327 4219 498 4288 Porcellans,
516 4235 582 4290 224
604 4217 665 4291 ejus
680 4217 755 4291 apud
770 4217 928 4274 Chinenses
944 4215 1093 4282 confectio,
1110 4233 1179 4288 32²·
