3156 5176
597 329 685 396 LIB.
706 329 755 396 II.
770 331 823 410 48.
1197 329 1262 400 309

45 549 48 553 -
160 495 256 566 enim
291 517 375 566 eum
407 491 642 590 appellamus)
680 496 756 568 sire
793 493 956 590 politiores
967 493 995 542 ⁹⁷
1005 520 1018 576 ,·
1057 515 1122 590 per
1154 519 1261 588 quem

158 619 278 704 partes
295 612 332 681 in
349 632 495 704 corpore
520 609 640 704 aliquo
666 613 962 704 proedominantes
980 619 1018 683 et
1033 597 1260 706 imperantes,

158 725 313 818 reliquas
338 735 457 821 partes
476 725 638 810 fraenant,
655 725 812 810 domant,
829 727 1010 820 subigunt,
1028 728 1205 812 ordinant,
1223 737 1262 800 et

160 849 296 934 cogunt
321 863 381 914 eas
405 841 564 924 adunari,
587 844 751 934 separari,
768 843 970 926 consistere,
992 844 1138 926 moveri,
1154 844 1263 916 collo-

160 957 242 1039 cari,
260 979 332 1026 non
350 979 396 1028 ex
414 957 596 1028 desideriis
621 957 703 1042 suis,
720 959 782 1030 sed
808 966 914 1051 prout
938 959 974 1028 iu
1001 959 1125 1031 ordine
1151 962 1208 1044 sit,
1225 968 1263 1031 et
1334 1013 1342 1026 .

160 1072 340 1144 conducat
355 1070 399 1142 ad
418 1071 509 1144 bene
526 1094 603 1144 esse
619 1072 729 1167 partis
745 1073 841 1144 illius
858 1074 1088 1167 imperantis3
1114 1077 1204 1147 adeo
1221 1085 1263 1148 ut

160 1187 207 1260 sit
224 1189 322 1280 quasi
339 1187 490 1285 repimcn
508 1195 546 1260 et
559 1185 689 1282 politio
705 1190 877 1282 quaedam,
894 1212 1002 1283 qnam
1019 1200 1166 1264 exercet
1182 1215 1263 1285 pars

159 1325 285 1398 regens
310 1304 347 1375 in
373 1311 491 1396 partes
516 1302 685 1374 subditas.
737 1303 884 1376 Eminet
909 1316 1030 1378 autem
1058 1305 1117 1378 hio
1142 1315 1263 1378 motus

159 1419 336 1513 precipue
364 1420 403 1489 in
434 1418 615 1511 spiritibus
648 1418 867 1500 animalium,
897 1419 958 1513 qui
991 1429 1110 1493 motus
1140 1445 1264 1494 omnes

160 1535 315 1628 partium
339 1533 565 1626 reliquarum,
583 1535 751 1626 quamdiu
778 1535 853 1627 ipse
878 1535 917 1606 in
941 1535 1062 1630 vigore
1088 1545 1155 1620 est,
1180 1560 1264 1608 con·

160 1657 349 1744 temperat.
379 1649 569 1722 Invenitur
584 1657 707 1722 autem
724 1651 762 1720 in
778 1650 857 1722 aliis
875 1650 1080 1744 corporibus
1096 1653 1133 1722 in
1150 1653 1264 1747 gradu

160 1766 350 1850 inferiore;
381 1766 682 1859 quemadmodum
708 1767 846 1838 dictum
872 1775 928 1840 est
954 1767 1000 1840 da
1025 1769 1198 1862 sanguine
1225 1780 1263 1841 et

162 1882 283 1964 urinis,
308 1905 387 1974 quae
411 1905 483 1953 non
509 1880 707 1964 solvuntur,
734 1881 848 1953 donec
876 1884 1029 1976 spiritus,
1053 1885 1115 1976 qui
1145 1893 1264 1976 partes

161 2021 284 2070 earum
310 1997 563 2070 commiscebat
590 2005 628 2068 et
654 1997 854 2083 cohibebat,
882 2001 1031 2071 emissus
1061 2000 1171 2072 fuerit
1201 2009 1265 2073 aut

160 2115 363 2188 suffocatus.
415 2111 546 2208 Neque
569 2116 638 2186 iste
662 2121 780 2186 motus
806 2116 950 2188 omnino
976 2115 1160 2208 spiritibus
1184 2140 1265 2210 pro-

159 2233 257 2326 prius
282 2240 347 2314 est,
373 2230 459 2302 licet
483 2232 520 2300 in
546 2229 724 2324 plerisque
748 2231 953 2324 corporibus
979 2232 1123 2325 spiritus
1149 2233 1264 2304 domi-

158 2357 291 2422 nentur
306 2349 353 2420 ob
370 2356 509 2419 motum
527 2345 690 2428 celerem,
708 2355 747 2418 et
771 2348 1066 2441 penetrationem.
1118 2347 1263 2421 Verun-

160 2466 335 2536 tamenin
354 2463 557 2557 corporibus
582 2464 695 2558 magis
719 2465 955 2552 condensatis,
972 2487 1040 2536 nec
1065 2464 1193 2558 spiritu
1211 2466 1263 2536 ri-

160 2579 243 2650 rido
269 2587 308 2649 et
329 2579 473 2674 vigente
491 2575 621 2671 (qualis
646 2580 740 2650 inest
765 2588 912 2674 argento
936 2581 1018 2652 viro
1044 2590 1082 2651 ct
1107 2579 1263 2672 vitriolo)

159 2692 316 2788 repletis,
342 2695 571 2766 dominantur
595 2696 713 2787 potius
738 2703 858 2788 partes
884 2697 1078 2781 crassiores,
1104 2696 1195 2767 adeo
1221 2704 1264 2768 ut

159 2809 227 2880 nisi
250 2810 399 2882 frenum
421 2818 461 2882 et
477 2811 608 2904 jugum
635 2810 703 2882 hoo
731 2819 808 2882 arte
837 2811 958 2905 aliqua
985 2813 1200 2894 excutiatur,
1218 2813 1265 2882 de

160 2947 252 2996 nora
276 2925 395 3019 aliqua
420 2926 623 3019 hujusmodi
649 2949 836 3020 corporum
861 2927 1173 3000 transformatione
1199 2928 1265 2998 mi-

158 3042 257 3112 nime
273 3042 487 3134 sperandum
503 3042 561 3114 sit.
606 3039 739 3135 Neque
757 3064 841 3112 vero
858 3042 1033 3135 quispiam
1050 3063 1115 3113 nos
1133 3041 1265 3114 oblitos

159 3177 236 3228 esse
260 3158 445 3230 existimet
472 3157 549 3250 ejus
576 3155 671 3251 quod
699 3179 795 3228 nuno
822 3159 952 3252 egitur,
969 3157 1062 3250 quia,
1086 3180 1169 3228 cum
1195 3159 1265 3230 ista
1311 3226 1317 3240 ,

159 3273 266 3346 series
283 3282 322 3346 st
339 3273 542 3345 distributio
561 3281 725 3346 motuum
742 3274 787 3346 ad
805 3271 857 3344 nil
874 3273 971 3345 aliud
990 3281 1139 3366 spectet,
1157 3295 1265 3366 quam

158 3398 200 3461 nt
225 3388 366 3461 iliorum
391 3388 687 3484 proedomr'nontic
712 3413 775 3484 per
798 3389 983 3462 instantias
1009 3387 1111 3460 lactc
1135 3390 1265 3462 meiius

158 3507 365 3599 inquiratur,
376 3508 454 3600 jam
472 3508 566 3579 inter
583 3514 704 3580 motus
720 3507 815 3600 ipsos
828 3504 1138 3600 praedominontioe
1161 3529 1263 3577 men·

158 3623 294 3694 tionem
307 3622 487 3694 faciamus.
514 3619 602 3693 Non
614 3624 711 3694 eninr
729 3623 767 3693 in
781 3620 1017 3716 descriptione
1034 3628 1146 3692 motus
1164 3620 1265 3694 istius

157 3738 257 3835 repit,
274 3738 321 3809 de
334 3735 630 3833 proedominonbo
655 3746 822 3810 motuum
847 3747 911 3808 aut
935 3737 1109 3808 virtutum
1135 3744 1266 3810 tracta·

157 3873 246 3937 mus,
281 3854 343 3926 sed
379 3855 424 3926 de
450 3852 750 3949 proedomirrontio
785 3855 940 3948 partium
975 3855 1013 3926 in
1049 3853 1264 3948 corporibus.

157 3967 248 4042 Haeo
273 3970 370 4042 onim
395 3993 438 4041 ea
463 3979 519 4042 est
540 3969 848 4065 proedominontic,
870 3993 948 4063 quae
973 3970 1132 4064 speciem
1157 3971 1263 4042 istam

156 4097 277 4163 motus
292 4087 506 4182 peculiarem
524 4091 722 4162 constituit.

193 4273 219 4318 ⁹⁷
235 4273 302 4332 uuo
322 4277 391 4333 class
412 4275 435 4331 is
456 4293 472 4330 a
491 4291 555 4347 very
574 4275 688 4332 obscura
729 4293 761 4332 or
781 4283 908 4348 property
926 4276 954 4331 in
977 4294 993 4331 a
1013 4275 1158 4332 substance
1178 4273 1266 4330 which

157 4371 217 4411 one.
255 4354 282 4410 lt
292 4355 374 4412 refers
386 4363 414 4412 to
426 4354 484 4411 that
496 4353 587 4428 miing
600 4371 689 4426 power
730 4353 849 4411 controls
860 4355 896 4410 all
908 4352 954 4409 thc
965 4363 1028 4410 rest.
