3222 5148
338 266 402 328 104
668 261 844 330 NOVUM
866 263 1115 332 ORGANUM.

337 430 405 518 his,
422 451 501 522 quse
518 429 595 522 jam
620 429 767 502 inventa
792 438 887 516 sunt,
910 433 987 526 ejus
1010 432 1083 503 sint
1104 430 1257 526 generis,
1274 437 1330 513 ut,
1349 436 1447 502 ante·

337 569 444 639 qnam
473 544 727 628 invenirentur,
757 545 852 618 haud
883 547 987 619 facile
1017 549 1184 641 cuiquam
1215 547 1255 617 in
1283 555 1445 620 mentem
1566 603 1567 612 ,

337 663 504 746 venisset,
520 661 568 734 de
581 662 626 732 iis
641 659 776 754 aliquid
794 662 984 755 suspicari;
1011 663 1073 735 sed
1091 661 1200 756 plane
1214 662 1298 754 qnis
1321 660 1386 732 un
1407 670 1446 731 ut

337 778 568 871 impossibilia
596 777 878 870 contempsisset.
930 777 1058 850 Solent
1083 778 1180 850 enim
1205 777 1376 848 homines
1404 777 1447 848 ue

338 895 445 968 rebus
461 896 560 966 novis
581 895 626 966 ad
644 893 852 990 exemplum
869 903 1048 982 veterum,
1066 908 1105 970 et
1121 897 1322 968 secundum
1339 895 1448 990 phau-

338 1013 466 1084 tasiam
483 1033 530 1082 ex
546 1011 589 1082 iis
606 1019 816 1104 preceptam
833 1020 872 1082 et
887 1012 1121 1106 inquinatam,
1135 1011 1325 1096 hariolari;
1355 1011 1447 1106 quod
1566 1086 1567 1106 χ

338 1151 451 1226 genus
467 1128 635 1223 opinandi
651 1126 917 1200 fallacissimum
934 1139 1000 1214 est,
1018 1131 1317 1223 quandoquidem
1335 1129 1450 1201 multa

340 1271 386 1318 ex
412 1247 478 1330 his,
504 1267 581 1339 quae
606 1267 654 1316 ex
679 1244 836 1316 fontibus
863 1267 982 1316 rerum
1009 1255 1196 1339 petuntur,
1223 1269 1291 1340 per
1318 1245 1450 1316 rivulos

340 1371 528 1435 consuetos
545 1383 619 1432 nou
635 1359 759 1432 fluent

390 1477 516 1550 Veluti
538 1478 568 1547 si
590 1477 680 1569 quis,
696 1484 781 1548 ante
799 1485 1060 1550 tormentorum
1082 1475 1311 1574 igneorum³³
1327 1479 1451 1549 inven-
1566 1497 1567 1546 ;

341 1595 490 1677 tionem,
515 1615 591 1663 rem
618 1614 683 1686 per
707 1591 855 1664 effectus
882 1594 1130 1688 descripsisset,
1153 1603 1263 1688 atque
1291 1594 1330 1664 in
1357 1594 1451 1665 hunc

222 1771 226 1776 .
342 1710 489 1780 modum
519 1707 693 1792 dixisset;
717 1707 903 1780 inventum
934 1709 1113 1802 quoddam
1144 1710 1333 1782 detectum
1364 1731 1453 1792 esse,

342 1847 407 1918 per
434 1825 530 1918 quod
563 1825 665 1906 muri,
695 1831 734 1895 et
763 1825 981 1895 munitiones
1012 1847 1162 1918 queque
1193 1825 1378 1908 maximae,
1407 1848 1452 1897 ex

342 1943 450 2038 longo
467 1938 656 2013 intervallo
669 1940 863 2011 concutiet
879 1939 983 2033 dejici
1001 1942 1159 2034 possint;
1184 1940 1353 2012 homines
1369 1962 1453 2012 sane
1566 2007 1567 2026 ,

345 2059 390 2130 de
413 2057 544 2130 viribus
570 2065 829 2128 tormentorum
856 2065 895 2128 et
921 2057 1176 2141 machinarum,
1193 2081 1260 2154 per
1283 2058 1453 2152 pondera,

346 2185 385 2248 et
402 2183 506 2257 rotas,
524 2182 562 2244 et
587 2172 788 2265 hujusmodi
813 2173 1041 2246 arietationes
1066 2182 1105 2246 et
1129 2171 1306 2266 impulsus
1331 2173 1452 2246 multi·
1566 2230 1567 2250 ,

333 2291 526 2386 ,plicandis
543 2288 657 2360 multa
673 2299 712 2362 et
728 2287 823 2359 varia
843 2311 964 2360 seeum
987 2290 1178 2382 cogitaturi
1203 2289 1381 2374 fuisaeut3
1407 2291 1449 2360 de
1566 2257 1567 2308 3

346 2415 456 2479 vento
480 2416 601 2477 autem
625 2405 741 2500 ignee,
760 2412 833 2476 tam
859 2405 976 2476 subito
1000 2413 1038 2475 et
1055 2404 1230 2476 violenter
1255 2428 1294 2477 se
1321 2429 1455 2499 expen-
1566 2453 1567 2484 ,

238 2587 243 2596 .
347 2525 457 2594 dente
474 2531 512 2597 et
528 2519 748 2601 exsufflante,
759 2518 820 2590 vix
838 2541 991 2614 unquam
1009 2520 1145 2615 aliquid
1161 2520 1313 2614 alicujus
1330 2522 1453 2616 imagi·

347 2636 495 2719 nationi,
506 2643 569 2707 aut
585 2635 786 2731 phantasias,
797 2658 1023 2707 occursurum
1038 2636 1184 2721 luisset3
1210 2645 1341 2730 utpote
1354 2639 1454 2732 cnjus
1566 2695 1567 2698 ,

349 2751 556 2848 exemplum
579 2753 616 2822 in
639 2750 800 2844 proximo
824 2774 895 2822 non
914 2752 1069 2836 vidisset,
1087 2753 1152 2824 nisi
1172 2751 1265 2824 forte
1290 2754 1331 2824 iu
1354 2763 1456 2825 terre

348 2878 461 2956 motu,
486 2877 551 2941 aut
576 2867 737 2952 fulmine,
765 2890 843 2961 quae
870 2878 913 2939 ut
941 2867 1119 2962 magnalia
1148 2875 1294 2952 nature,
1319 2877 1361 2940 et
1386 2891 1454 2939 non

349 2987 537 3059 imitabilia
565 2985 611 3057 ab
640 2984 797 3067 homine,
818 2981 980 3055 homines
1012 2983 1135 3054 stetim
1168 2984 1338 3076 rejecturi
1375 2985 1454 3055 fun»

350 3111 442 3177 sent.

402 3219 544 3291 Eodem
561 3217 726 3300 modo,si
751 3223 836 3288 ante
859 3215 911 3287 fili
936 3210 1171 3307 bombycini³⁴
1196 3215 1450 3298 inventionem,

352 3337 527 3430 quispiam
553 3331 757 3427 hujusmodi
786 3354 985 3404 sermonem
1016 3331 1214 3423 injecisset3
1240 3353 1321 3402 esse
1348 3332 1456 3425 quod·

353 3451 436 3522 dam
465 3449 516 3521 fili
546 3471 660 3544 genus
690 3449 887 3530 inventum,
904 3447 949 3516 ad
976 3445 1130 3516 vestium
1162 3453 1201 3515 et
1225 3445 1457 3539 supellectilis

354 3587 471 3648 usum,
499 3563 593 3657 quod
624 3561 726 3633 filum
755 3560 908 3632 linteum
937 3569 1001 3631 aut
1029 3559 1173 3632 laneum
1204 3563 1398 3646 tenuitate,
1422 3571 1457 3634 et

354 3680 585 3751 nihilominus
602 3679 808 3760 tenacitate,
826 3699 868 3748 ac
888 3677 997 3748 etiam
1020 3676 1207 3770 splendore
1229 3687 1269 3748 et
1296 3679 1456 3766 mollitis,

355 3794 462 3890 longe
479 3803 682 3888 superaret3
708 3794 870 3865 homiues
895 3794 1016 3864 statim
1042 3803 1107 3864 aut
1131 3795 1176 3866 de
1202 3796 1315 3866 serico
1341 3795 1458 3890 aliquo

357 3907 560 4004 vegetabili,
578 3917 641 3979 aut
658 3909 704 3980 de
724 3908 887 3980 animalis
909 3907 1057 4001 alicujus
1080 3908 1161 4003 pilis
1186 3909 1457 3994 delicatioribus,

357 4033 421 4096 aut
455 4025 501 4095 de
529 4024 649 4093 avium
678 4023 809 4117 plumis
838 4032 877 4096 et
910 4024 1089 4120 lanugine,
1118 4025 1253 4120 aliquid
1284 4028 1457 4123 opinaturi

606 4267 632 4308 ⁸³
647 4267 771 4326 (lennem
1102 4275 1129 4315 ⁸⁴
1145 4273 1213 4332 Sili.
