3078 5180
334 357 377 421 20
663 355 837 422 NOVUM
861 353 1110 422 ORGANUM.

336 529 474 591 mentes
491 517 675 590 hominum
698 520 750 590 ita
768 519 942 602 obsident,
961 531 1003 590 ut
1022 519 1164 590 veritati
1182 519 1302 589 aditus
1319 517 1441 589 diffici-

336 636 378 707 lis
394 646 536 729 pateat3
563 637 624 706 sed
644 637 752 706 etiam
771 637 855 706 dato
873 643 911 706 et
928 659 1095 708 concesso
1113 636 1228 718 aditu,
1245 635 1309 706 illa
1325 658 1440 706 rursus

336 755 372 822 in
395 755 470 845 ipsa
492 752 750 824 instauratione
770 753 997 823 scientiarum
1020 761 1217 834 occurrent,
1235 760 1274 822 et
1291 751 1441 823 molesta

336 878 461 951 erunt;
494 869 559 939 nisi
586 869 746 940 homiues
774 867 970 961 praemoniti
995 869 1163 940 adversus
1187 891 1230 938 ca
1256 891 1305 950 se,
1331 891 1441 960 quan·

336 993 413 1055 turn
432 985 506 1056 fieri
526 993 654 1077 potest,
673 979 887 1054 muniant.

792 1115 986 1188 XXXIX.

386 1219 550 1302 Quatuor
567 1226 650 1288 sunt
665 1239 796 1310 genera
812 1215 995 1300 idolorum,
1012 1241 1091 1309 quae
1107 1225 1249 1287 mentes
1267 1217 1437 1286 hurnauas

334 1335 510 1406 obsident.
563 1334 612 1404 lis
630 1333 795 1426 (docendi
812 1335 941 1428 gratia)
960 1334 1102 1404 nomine
1118 1335 1372 1426 imposuimus;
1396 1344 1438 1401 ut

335 1451 487 1544 primum
515 1473 638 1544 genus,
665 1446 759 1520 idola
785 1447 916 1529 tribusr
946 1451 1153 1532 secundum,
1179 1447 1274 1520 idola
1299 1473 1466 1544 specuu-

337 1569 494 1650 tertium,
512 1564 717 1661 idolesoei,·
743 1575 918 1658 quartum,
938 1563 1031 1636 idola
1049 1564 1186 1650 theatri,
1204 1578 1388 1637 vocentur.

842 1697 925 1768 XL.

387 1799 568 1870 Excitatio
593 1799 779 1869 notionum
805 1808 843 1870 et
869 1802 1089 1870 axiomaturn
1118 1821 1180 1890 per
1207 1797 1435 1870 inductionem

335 1937 454 1986 veram
475 1925 530 1986 est
552 1923 649 1984 certe
674 1915 857 2007 proprium
881 1915 1080 1986 remedium
1103 1914 1147 1984 ad
1171 1912 1266 1984 idola
1287 1917 1438 1986 arcenda

334 2042 372 2102 et
394 2031 671 2114 summovenda;
699 2030 759 2100 secl
784 2040 904 2102 tamen
928 2031 1099 2102 indicatio
1122 2029 1295 2102 normam
1319 2033 1436 2126 magni

336 2157 390 2218 est
416 2169 510 2216 usus.
562 2145 735 2214 Doctrina
761 2145 854 2214 enim
883 2147 929 2216 de
955 2144 1058 2216 idolis
1084 2145 1247 2218 similiter
1269 2169 1308 2217 se
1333 2147 1439 2218 habet

334 2264 379 2333 ad
398 2260 709 2355 interpretationem
729 2267 875 2342 nutnece,
894 2262 986 2332 sieut
1002 2262 1161 2332 doctrina
1179 2263 1224 2332 de
1242 2263 1438 2354 sophisticis

335 2378 492 2449 elenchis
508 2378 554 2448 ad
572 2375 793 2447 dialecticam
812 2375 994 2470 vulgarem
1004 2374 1043 2446 ³⁸.

832 2522 937 2596 XLI.

383 2623 524 2698 Ιιίοίιιό9
550 2623 658 2697 tribus
683 2633 767 2696 sunt
788 2624 937 2696 fundata
959 2627 995 2696 in
1020 2627 1096 2720 ipse
1118 2635 1245 2697 natura
1268 2628 1431 2710 humans,

368 2819 393 2860 ³⁷
412 2820 438 2875 It
464 2820 487 2874 is
511 2817 614 2890 worthy
639 2819 669 2873 oi
695 2817 781 2873 notice
806 2815 864 2871 that
939 2819 965 2859 ³⁸
983 2817 1079 2873 Asthe
1092 2819 1175 2890 Soph.
1188 2819 1230 2874 El.
1243 2821 1367 2878 attached
1381 2839 1433 2877 eer-

333 2899 406 2955 Friar
428 2897 520 2954 Baton
544 2899 592 2952 has
616 2897 724 2970 pointed
746 2906 794 2950 out
816 2896 863 2952 the
904 2898 959 2952 tain
977 2897 1109 2970 quihhles,
1123 2897 1176 2952 and
1195 2899 1298 2954 cleared
1317 2901 1363 2955 the
1380 2919 1434 2972 way

332 2997 425 3034 causes
449 2979 480 3032 oi
500 2995 573 3032 error
596 2995 625 3032 as
649 2977 746 3046 clearly
767 2993 796 3028 as
820 2975 862 3030 his
904 2975 946 3030 lor
956 2976 1107 3041 Dialectics,
1120 2976 1156 3048 by
1167 2977 1273 3049 getting
1287 2979 1329 3033 rid
1342 2979 1372 3034 oi
1381 2997 1433 3033 sm·

330 3056 477 3113 illustrious
495 3073 633 3111 successor
648 3053 701 3109 and
720 3054 862 3108 namesake
904 3053 1037 3124 higuitier,
1057 3055 1116 3118 δια,
1136 3073 1167 3108 so
1187 3056 1242 3109 this
1263 3067 1324 3126 part
1344 3057 1375 3112 oi
1391 3057 1434 3111 tlte

330 3136 380 3192 hss
393 3135 471 3200 done,
483 3136 512 3190 in
523 3133 568 3189 the
578 3133 656 3206 Opus
667 3133 766 3204 Majua
778 3132 862 3202 cani.
904 3131 975 3186 Nor.
986 3131 1053 3202 Org.
1066 3133 1089 3187 ie
1102 3133 1229 3188 intended
1241 3143 1270 3188 to
1283 3136 1354 3190 clear
1364 3153 1434 3206 away

330 3223 349 3247 “
363 3215 498 3275 Quattuor
510 3231 573 3269 vero
587 3223 651 3267 sunt
663 3211 778 3266 maxims
789 3227 862 3264 corn·
903 3210 1002 3264 certain
1025 3211 1173 3283 prejudices
1196 3211 1250 3266 and
1275 3231 1433 3284 preoccupa·

330 3293 518 3364 prehendenda
548 3291 664 3346 veritatis
694 3287 862 3352 offendicula,
903 3289 974 3343 tione
985 3289 1017 3343 oi
1026 3291 1112 3344 uren's
1124 3290 1265 3354 minds,so
1277 3309 1307 3346 as
1319 3294 1434 3348 turnske

330 3391 390 3446 quae
402 3389 508 3426 ornnem
519 3386 705 3442 quemcunque
717 3367 862 3436 sapientem
903 3385 961 3438 way
973 3367 1014 3420 ior
1028 3368 1073 3422 the
1088 3368 1248 3424 declaration
1266 3370 1298 3424 ol
1312 3370 1361 3426 the
1377 3381 1433 3425 truc

331 3449 495 3521 impediunt:
522 3451 563 3518 (1)
581 3448 683 3518 fragilis
701 3457 727 3500 et
744 3445 862 3516 indigna·
904 3445 1026 3500 Method.

331 3528 495 3583 auctoritatis
506 3527 673 3596 exemplum:
697 3525 738 3592 (2)
751 3541 862 3578 consue·
938 3524 964 3564 ⁸⁹
981 3523 1066 3580 ruta.
1086 3523 1227 3580 References
1235 3526 1432 3599 msyhsnrade.
1520 3591 1521 3600 ἵ

331 3606 434 3660 tudinis
447 3605 608 3659 diuturnitas
624 3604 665 3674 (3)
678 3603 752 3672 vulgi
767 3619 863 3657 sensus
903 3601 945 3657 ior
956 3621 972 3656 a
983 3603 1050 3656 view
1061 3603 1092 3657 oi
1100 3603 1146 3657 the
1158 3621 1215 3675 way
1224 3605 1252 3660 in
1261 3605 1351 3660 which
1359 3605 1432 3661 other

331 3682 486 3754 imperitus:
514 3683 556 3750 (4)
575 3683 688 3753 propria²
707 3681 863 3751 ignorantie
903 3683 1004 3734 writers
1022 3689 1089 3734 treat
1109 3682 1155 3736 the
1175 3681 1324 3740 Phantorns
1342 3685 1374 3740 ni
1389 3683 1432 3738 ths

331 3762 472 3815 occultatio
490 3779 552 3815 curn
569 3759 743 3814 ostentatione
760 3759 863 3828 sapien·
903 3757 988 3822 mind,
999 3767 1026 3812 to
1040 3759 1076 3813 D.
1086 3759 1221 3814 Stenart's
1235 3761 1434 3834 Philosophyoi

331 3839 543 3909 tireapparentis.
567 3839 638 3892 Nam
651 3837 698 3891 uhi
710 3835 862 3891 haecdomi·
904 3837 949 3892 the
969 3837 1079 3892 Human
1099 3838 1187 3898 Mind.
1206 3849 1267 3910 part
1283 3839 1321 3896 ll.
1342 3841 1383 3895 ch.
1396 3842 1431 3894 iii.

331 3925 440 3980 nontin,
459 3917 533 3970 nulle
553 3917 619 3971 ratio
639 3923 737 3978 moret,
756 3915 862 3970 nullum
904 3925 967 3970 sect.
986 3932 1017 3970 a:
1050 3934 1093 3972 see
1117 3918 1173 3972 also
1197 3919 1243 3973 the
1265 3918 1331 3974 Port
1352 3919 1431 3990 Rofal

328 3995 375 4066 jus
391 3995 502 4066 judicat,
521 3996 594 4048 nulla
613 3995 654 4048 lex
672 3995 746 4062 ligat.
764 3991 805 4046 ias
822 3994 862 4048 lo·
904 3993 995 4064 logie,
1008 3993 1116 4065 chapter
1134 4013 1170 4050 on
1185 4002 1202 4026 “
1213 3997 1270 4052 Der
1286 3997 1431 4068 sophismes

332 4090 395 4127 curn
415 4090 471 4127 nou
490 4072 584 4136 habet;
610 4081 712 4127 natrrrae
731 4071 861 4127 dictamen
903 4071 1143 4144 d’amour-proprc,
1153 4075 1284 4140 d’interht,
1293 4085 1321 4130 et
1330 4077 1430 4146 depas-

331 4152 414 4222 paritr
440 4151 519 4204 iacies
540 4168 628 4205 rerum
649 4159 777 4212 mutatur,
795 4151 862 4206 ordo
902 4153 998 4216 sion;'’
1024 4153 1077 4206 end
1098 4153 1141 4206 Sir
1157 4153 1185 4206 J.
1198 4153 1353 4210 llerschel’s
1372 4155 1430 4209 Dis·

330 4228 513 4292 contunditur,
525 4229 619 4282 vitirun
632 4230 764 4298 prevalet
777 4229 861 4284 virtus
902 4247 997 4284 course
1015 4247 1052 4284 on
1072 4230 1117 4285 the
1136 4230 1223 4302 Study
1240 4233 1272 4286 oi
1288 4233 1351 4288 Nat.
1366 4233 1429 4288 Phil.

330 4307 518 4378 exstinguitur,
533 4307 633 4361 salsitas
650 4315 751 4377 regnat,
763 4309 860 4362 veritas
902 4309 1045 4378 §68-73.

330 4385 515 4442 exsufflatur.”
