3222 5148
344 331 390 400 94
677 327 851 394 NOVUM
875 327 1125 395 ORGANUM.

344 494 409 566 sed
435 491 570 566 iniecta
598 499 637 564 et
667 489 891 586 eorrnpta¹⁵2
926 495 965 564 in
994 491 1203 564 Aristotelis
1231 489 1366 575 schola
1395 511 1455 585 per

346 609 521 704 logicam
556 609 593 680 in
622 606 782 681 Platonis
811 609 941 690 schola,
972 631 1035 702 per
1064 605 1285 701 theologiam
1315 613 1456 676 natura·

347 725 442 812 lem;
477 727 515 796 in
543 725 699 796 seeundo
725 723 848 796 schola
873 722 1045 808 Platonis,
1071 721 1199 806 Procli,
1224 731 1265 793 et
1291 720 1454 806 allorum,

347 863 412 936 per
431 841 743 926 mathematicam
773 863 851 934 quae
876 839 1136 934 philosophiam
1161 837 1369 910 naturalem
1391 847 1458 908 ter·

347 959 494 1040 minare,
519 981 592 1028 non
618 979 788 1052 generare
813 966 877 1028 ant
903 978 1088 1050 procreare
1114 950 1273 1026 debet¹⁶.
1332 951 1457 1025 Atax

348 1074 573 1170 philosophia
596 1075 748 1146 naturali
774 1097 863 1168 pura
886 1083 926 1146 et
950 1072 1181 1168 impermista,
1206 1069 1361 1143 meliora
1385 1093 1458 1165 spe-

348 1192 458 1264 randa
475 1201 570 1262 sunt.

401 1421 523 1496 Nemo
543 1421 661 1493 adhue
684 1428 786 1493 tante
807 1303 1167 1492 nllslltvisnoonstantia
1196 1429 1235 1491 et
1262 1421 1384 1515 rigore
1409 1422 1458 1492 iu·

350 1549 479 1612 ventus
495 1547 560 1622 est,
580 1547 621 1608 ut
639 1537 837 1609 decreverit
859 1546 898 1610 et
919 1538 986 1609 sihi
1010 1537 1220 1630 imposuerit
1243 1537 1404 1608 theorias
1424 1547 1460 1610 et

350 1656 516 1726 notiones
549 1675 757 1724 communes
795 1654 938 1746 penitus
971 1651 1125 1736 abolere,
1159 1661 1199 1722 et
1231 1651 1458 1724 intellectum

350 1772 515 1844 abrasum
541 1779 580 1842 et
606 1793 748 1863 aequum
777 1769 822 1840 ed
852 1769 1079 1863 particularia
1105 1770 1151 1841 de
1180 1769 1326 1864 integro
1353 1769 1459 1864 appli-

350 1885 481 1960 oere¹⁷.
538 1887 667 1980 Itaque
690 1889 780 1958 ratio
803 1885 866 1957 illa
888 1885 1052 1968 hnmana,
1070 1907 1176 1979 quam
1202 1885 1392 1968 habemns,
1416 1909 1458 1956 ex

351 2005 469 2077 multa
484 2005 564 2086 fide,
583 2013 620 2076 et
638 2003 754 2074 multo
771 2005 880 2075 etiam
899 2026 992 2085 casu,
1010 2026 1076 2074 nee
1093 2025 1166 2074 non
1183 2025 1232 2074 ex
1252 2003 1458 2096 puerilibus,

352 2145 441 2217 quas
465 2123 581 2217 primo
606 2121 799 2204 hausimus,
821 2121 1034 2204 notionibus,
1059 2121 1197 2214 senago
1219 2121 1389 2214 quaedam
1409 2129 1459 2192 ast

353 2251 392 2313 et
409 2240 603 2334 congeries.
1567 2305 1568 2318 ,

403 2355 509 2440 Quod
536 2355 565 2425 si
594 2354 673 2447 quie
700 2361 805 2424 aetate
831 2361 979 2437 matura,
1001 2363 1039 2424 et
1062 2353 1224 2424 sensibus
1246 2353 1410 2448 integris,
1425 2363 1459 2425 et
1567 2389 1568 2392 ¹

353 2479 476 2544 mente
494 2478 693 2565 repurgata,
711 2491 749 2540 se
772 2469 817 2541 ad
841 2470 1099 2563 experientiam
1117 2477 1155 2539 et
1172 2469 1217 2540 ad
1236 2469 1459 2563 particularia

355 2589 400 2660 de
418 2588 557 2682 integro
573 2585 737 2679 applicet,
756 2587 801 2658 de
825 2608 868 2658 eo
891 2585 1020 2658 melius
1042 2585 1257 2680 sperandum
1275 2597 1343 2659 est.
1396 2585 1460 2657 At·

357 2726 429 2795 que
446 2703 512 2774 hae
529 2705 565 2773 in
587 2711 687 2796 parte
710 2703 811 2773 nobis
834 2701 1049 2795 spondemus
1066 2701 1244 2773 fortunam
1264 2699 1459 2776 Alexandri

357 2815 510 2914 Magni:
548 2841 665 2913 neque
696 2819 774 2912 quis
808 2840 872 2889 nos
902 2817 1069 2889 vanitatis
1102 2827 1238 2912 arguat,
1268 2829 1459 2913 antequam

355 2935 494 3008 exitum
511 2935 562 3009 rei
579 2935 712 3022 audiat,
727 2959 804 3030 quae
821 2935 867 3006 ad
884 2935 1086 3007 exuendam
1104 2959 1247 3007 omnem
1269 2937 1458 3009 vanitatem

356 3061 504 3148 spectat.

408 3167 556 3242 Etenim
574 3167 619 3240 de
633 3166 843 3243 Alexandro
856 3169 982 3262 atejus
997 3169 1101 3241 rebus
1117 3169 1228 3264 gestis
1241 3165 1461 3243 AEsohines¹⁸

395 3411 418 3452 ¹⁵
436 3411 479 3469 cf.
499 3429 573 3484 supr.
593 3409 616 3466 1.
632 3425 676 3483 5⁴·
694 3407 745 3480 ⁶3³
771 3408 842 3464 Λᾶν.
861 3407 893 3464 oi
929 3407 982 3464 and
1003 3411 1037 3466 cl'.
1057 3410 1128 3466 what
1149 3409 1301 3483 Maeaulay,
1322 3411 1411 3485 hy
1428 3429 1460 3467 aa
1566 3451 1567 3454 η

344 3491 500 3564 -Iaaming,
513 3509 540 3562 p.
549 3505 594 3561 5¹·
632 3487 795 3544 ForPleto’r
808 3487 888 3542 iuter·
931 3487 1031 3554 Bucen,
1044 3489 1212 3562 saysonthe
1226 3491 1312 3561 poisat.
1342 3491 1460 3548 amir·
1566 3529 1567 3560 p

344 3565 889 3646 ¹mixtureoi'llreologyseetha'limtens.
931 3567 969 3624 11.
982 3569 1009 3625 8.

396 3643 420 3686 ¹⁸
436 3645 512 3711 This,
525 3665 561 3702 on
578 3645 623 3701 tha
639 3645 774 3701 innodans
788 3645 819 3700 ol
829 3643 889 3700 Ma·
967 3645 990 3688 ¹⁷
1008 3645 1115 3708 Quoted
1128 3647 1164 3718 by
1178 3645 1215 3702 D.
1224 3645 1349 3714 stewart,
1360 3645 1463 3704 Phila

358 3724 644 3796 thematieeasmmely
651 3723 744 3796 giving
754 3724 799 3779 the
808 3724 890 3779 limita
929 3725 977 3781 tha
995 3727 1105 3782 lluman
1125 3725 1214 3790 Mind,
1231 3725 1336 3782 lntrod.
1351 3728 1391 3784 11.
1408 3730 1422 3798 9
1437 3743 1460 3792 tt

359 3803 391 3858 ol
406 3803 519 3858 Netnml
537 3803 693 3868 Seleuceia
709 3803 749 3858 lar
766 3813 812 3858 too
830 3821 890 3858 aar
931 3805 1018 3860 where
1029 3805 1063 3860 he
1075 3803 1151 3870 adda,
1164 3811 1209 3860 “a
1220 3814 1296 3876 grem
1308 3807 1461 3878 portellis

359 3899 424 3937 τον.
471 3879 562 3936 Bacon
585 3881 649 3946 hed,
673 3881 705 3936 ol
726 3899 830 3947 course,
854 3899 891 3937 no
930 3883 976 3938 life
994 3883 1026 3938 ol
1043 3902 1059 3939 a
1078 3881 1254 3954 Philosopher
1273 3895 1350 3941 must
1368 3885 1403 3942 be
1421 3887 1460 3942 de·

359 3957 517 4031 knowledge
533 3959 563 4014 ol
577 3959 623 4015 the
641 3961 762 4015 intimate
777 3977 891 4016 monae·
931 3962 1011 4018 voted
1023 3975 1071 4018 not
1083 3949 1461 4038 somnohtotheaequisition

359 4039 417 4094 tion
429 4037 547 4094 between
558 4036 625 4109 high
637 4037 691 4092 aud
703 4037 819 4094 abstraet
831 4039 891 4094 Ma·
932 4040 962 4096 oi
972 4059 1030 4096 new
1039 4039 1203 4112 knowledge.
1213 4059 1243 4096 aa
1254 4050 1284 4097 to
1296 4045 1410 4100 nulum
1421 4043 1461 4099 the

360 4115 499 4173 thamutica
522 4114 576 4170 and
598 4115 720 4188 Physieal
743 4117 840 4181 tmths,
862 4136 891 4174 aa
932 4137 1019 4175 errore
1031 4129 1059 4175 to
1071 4117 1158 4174 which
1169 4118 1204 4174 he
1217 4119 1270 4175 had
1286 4121 1355 4176 been
1371 4121 1461 4194 negti

359 4213 400 4252 ere
412 4211 456 4250 see
467 4193 542 4249 them
556 4195 672 4266 meeting
688 4195 717 4250 in
731 4198 893 4268 sanonomy
932 4207 962 4254 to
973 4199 1034 4269 give
1046 4217 1080 4254 an
1092 4199 1204 4270 implicit
1215 4209 1306 4254 meent
1318 4200 1410 4256 before
1420 4200 1460 4255 tte

360 4273 506 4346 orOpties.
535 4273 586 4328 For
597 4272 728 4330 hisviews
740 4293 776 4330 on
786 4277 892 4332 Mathe·
934 4275 1012 4332 mvn
1023 4278 1054 4334 ol
1063 4295 1156 4332 reason
1168 4275 1222 4332 and
1234 4277 1403 4336 emadan?

360 4355 453 4410 metica
470 4371 514 4410 see
529 4353 571 4408 De
583 4353 683 4428 Augu.
698 4353 795 4412 Solent.
809 4355 845 4410 iii.
858 4355 892 4420 62
972 4353 996 4395 ¹⁸
1013 4355 1055 4413 ct.
1069 4355 1271 4416 Advmcement
1282 4357 1313 4413 ol
1324 4357 1458 4428 lumina.
