3156 5176
332 339 400 402 882
663 335 838 402 NOVUM
861 333 1110 401 ORGANUM.

386 500 453 596 (γ.)
487 497 610 594 Atque
639 521 831 572 consensus
860 507 1047 592 eorpomm
1076 499 1333 595 principalium
1359 523 1448 595 erga

335 617 564 691 subordinatas
580 639 644 688 suu
661 614 766 712 (tales
782 617 880 688 enim
897 615 923 687 ii
940 615 1077 710 pomint
1101 618 1239 688 censeri
1264 639 1358 710 quos
1382 641 1447 688 no·

335 734 504 826 numus)
534 733 619 805 satis
646 733 683 803 in
714 741 837 825 aperto
864 740 958 804 sunt.
993 717 1151 817 'Quibus
1176 733 1265 804 addi
1292 743 1446 826 pomnnt

335 871 504 923 sensuum
525 869 716 920 consensus
742 869 827 942 erga
853 847 994 942 objecta
1020 870 1095 919 sna
1146 848 1222 934 Qui
1248 871 1445 922 comensus

335 1081 446 1154 etium
475 1081 554 1152 aliis
579 1079 817 1162 consensibus,
843 1079 904 1170 qui
935 1077 1058 1161 latent,
1082 1101 1253 1173 magnam
1283 1078 1444 1172 praebers

335 1197 472 1292 pomint
488 1195 618 1268 lucem.

385 1309 446 1406 (δ.)
471 1309 525 1383 At
540 1311 726 1384 interiores
750 1331 937 1404 corporum
960 1331 1151 1382 oonssnsns
1176 1317 1215 1381 st
1239 1309 1349 1404 fugae,
1367 1309 1443 1382 sire

333 1427 501 1500 amicitiae
526 1437 566 1500 st
592 1426 685 1510 lites,
715 1425 841 1518 (tedet
865 1425 963 1498 anim
987 1447 1053 1497 uos
1079 1425 1154 1498 fere
1181 1425 1442 1498 vocabulorum

333 1543 542 1637 sympathia
558 1551 597 1613 st
613 1541 826 1636 antipathia,
842 1551 989 1636 propter
1004 1541 1274 1634 superstitiones
1299 1549 1341 1613 et
1365 1544 1441 1614 ina·

333 1659 408 1752 nia)
424 1667 488 1730 ant
504 1657 593 1730 falso
608 1659 804 1751 adscriptus,
821 1666 885 1729 aut
906 1656 1039 1730 fabulis
1062 1679 1268 1751 conspersas
1284 1669 1353 1730 aut
1376 1682 1441 1753 per

333 1773 549 1869 neglectum,
571 1797 657 1846 rurae
682 1774 877 1846 admodum
903 1784 998 1846 suut.
1050 1772 1197 1846 Etenim
1222 1777 1252 1846 si
1279 1777 1362 1868 qnia
1386 1798 1439 1847 aa·

333 1900 436 1975 serat,
457 1890 551 1962 inter
566 1891 707 1962 vincam
730 1897 770 1961 et
794 1885 1019 1962 bmssicam³¹
1036 1911 1114 1962 csso
1139 1889 1338 1974 dissidium.
1356 1891 1439 1984 quia

327 2007 436 2100 juxta
464 2013 541 2077 sata
568 2006 686 2078 minus
715 2005 796 2076 iaete
825 2001 1062 2099 pruveninut;
1091 2015 1220 2098 presto
1251 2009 1346 2078 ratio
1373 2017 1436 2090 est,

333 2122 430 2215 qnod
459 2131 611 2216 utraque
644 2121 767 2215 planta
799 2119 1008 2192 succulenta
1040 2121 1087 2190 sit
1117 2128 1158 2191 et
1187 2121 1436 2215 depraedatrin

335 2239 431 2310 unde
457 2236 570 2310 altura
595 2237 743 2309 niteram
772 2235 969 2308 defraudat.
1021 2234 1060 2307 Si
1088 2235 1167 2329 quis
1193 2249 1335 2322 assent,
1362 2261 1437 2310 ma

333 2375 543 2426 consensum
571 2361 610 2425 at
638 2351 834 2424 amicitiam
864 2352 960 2422 inter
986 2361 1125 2446 segetes
1152 2361 1191 2422 st
1218 2353 1436 2447 cyreneum&

334 2480 397 2543 unt
422 2491 577 2564 papaver
601 2468 781 2562 sylvestre,
808 2468 892 2560 quia
917 2467 1036 2539 herbae
1061 2466 1131 2538 illm
1159 2469 1234 2540 fars
1259 2491 1334 2540 uon
1360 2493 1437 2564 pro-

333 2587 484 2657 veniunt
505 2585 573 2656 nisi
597 2583 633 2654 in
656 2585 748 2656 arvis
773 2583 898 2656 cultis:
925 2583 1052 2655 debuit
1074 2583 1104 2656 is
1128 2586 1249 2680 potina
1272 2609 1436 2670 asserere,

333 2701 520 2772 dissidium
538 2721 615 2771 esso
631 2699 726 2770 inter
740 2721 795 2780 sa,
814 2699 897 2794 quia
921 2722 1075 2793 papaver
1090 2709 1130 2772 et
1154 2723 1310 2794 cyaneus
1334 2706 1437 2776 cmit-

336 2823 464 2888 tuutur
479 2823 518 2888 st
540 2823 707 2888 creantur
723 2837 769 2887 ex
787 2815 850 2886 tali
874 2837 979 2886 succo
1001 2824 1112 2898 terrae,
1131 2817 1274 2910 qualem
1300 2831 1436 2915 segetes

335 2931 545 3027 reliquerint
572 2942 610 3005 et
642 2931 929 3025 repudiaveriut3
962 2930 1053 3002 adeo
1082 2942 1125 3003 ut
1154 2935 1246 3008 satio
1276 2947 1436 3032 segetum

336 3059 467 3124 terram
492 3059 666 3145 praeparst
681 3049 727 3119 ad
745 3069 868 3118 sorum
894 3054 1118 3142 proventum.
1167 3047 1295 3143 Atque
1321 3053 1438 3147 hujus·

336 3167 433 3238 modi
468 3165 636 3238 falsarum
668 3165 950 3257 adscriptionum
984 3186 1135 3260 mugnus
1168 3177 1225 3238 est
1257 3191 1436 3243 numerus

337 3279 466 3365 Quoad
491 3279 745 3360 subulcorum,
772 3279 842 3350 iilae
867 3281 1012 3353 omnino
1035 3291 1120 3352 sunt
1146 3285 1436 3359 exterminanda

337 3394 469 3470 Restat
484 3399 603 3470 tennis
619 3403 718 3468 certe
735 3397 838 3490 copia
854 3419 978 3467 eornm
996 3419 1244 3482 consensuum,
1262 3402 1325 3493 qui
1341 3411 1436 3474 certo

336 3509 476 3602 probuti
505 3521 589 3582 sunt
618 3511 891 3605 expelimeuto3
928 3512 1052 3602 quales
1082 3522 1167 3585 sunt
1195 3519 1374 3610 magnetis
1401 3529 1437 3588 st

336 3623 430 3708 ferri,
456 3633 566 3717 atque
588 3627 666 3696 auti
692 3635 732 3698 et
755 3627 893 3720 argenti
918 3629 1001 3711 vivi,
1027 3636 1067 3699 et
1093 3628 1275 3702 similium.
1326 3630 1381 3705 At
1401 3633 1436 3704 iu

370 3853 395 3895 ⁸¹
408 3855 543 3920 Brunicu,
557 3855 732 3924 Gaulidoner,
744 3859 864 3931 Κρόμβη,
906 3859 977 3926 nin
998 3861 1039 3917 ior
1056 3861 1121 3936 they
1137 3862 1201 3919 haid
1219 3863 1279 3920 that
1296 3864 1335 3937 by
1351 3867 1437 3939 ὡς

334 3932 461 4008 ῥάφανοι.
498 3939 517 3964 ‘⁴
524 3933 593 3989 Vitis
605 3953 621 3989 a
632 3939 753 3994 caulibus
765 3939 864 3994 brasm-
907 3939 1030 3995 Brassica
1046 3939 1111 4013 they
1122 3940 1233 3996 avoided
1245 3942 1292 3998 the
1303 3943 1394 4000 effecta
1410 3945 1439 4000 d

335 4013 435 4088 cisque,
448 4011 471 4068 si
482 4021 590 4084 propter
601 4015 651 4069 sati
663 4017 726 4080 sint,
734 4025 766 4072 ut
777 4035 793 4071 a
804 4035 864 4088 pea-
907 4017 995 4074 dn'nk.
1035 4017 1086 4074 See
1097 4019 1245 4076 Athenaeus
1257 4021 1358 4094 Deipn.
1371 4022 1394 4078 1.
1411 4041 1436 4095 p.

333 4093 417 4150 diaria
429 4101 455 4148 et
467 4091 625 4148 nocentibus
637 4094 757 4166 reingere
769 4093 864 4152 dicun·
904 4113 940 4168 3⁴
952 4095 1043 4152 O-F.

334 4171 407 4229 tnr.’'
433 4169 491 4227 ere.
509 4169 543 4226 dc
561 4171 625 4228 Nat.
639 4171 720 4229 Dsor.
733 4172 772 4228 11.
784 4187 866 4246 47.—
940 4173 967 4213 ⁸²
980 4174 1108 4246 Cym,
1122 4175 1167 4232 the
1180 4175 1353 4234 (iornflowsr.
1382 4179 1435 4234 'lire

333 4251 401 4308 'i'his
443 4249 610 4322 antagonism
653 4250 698 4306 the
736 4251 865 4308 Accientn
906 4269 1005 4326 proper
1016 4253 1257 4330 wordiacynnus,
1268 4255 1371 4316 κῦωος.

335 4327 452 4400 manunt
480 4339 551 4385 went
580 4347 646 4386 eren
676 4327 775 4384 further
800 4329 865 4388 than
1399 4357 1405 4364 ·
