3156 5176
598 365 688 430 nur.
703 364 751 430 11.
767 364 820 446 ⁴8·
863 331 872 350 '
1195 355 1258 428 291

157 550 249 612 rum,
266 526 376 620 idque
391 533 585 618 antequam
604 535 771 621 tangetur
786 549 809 598 a
824 525 950 608 redies,
967 532 1031 596 out
1047 523 1258 594 iuroimeuto

156 645 291 726 eitimo,
309 649 373 714 out
388 641 541 716 embolo.
592 642 781 729 Quatenus
797 667 881 717 vero
897 643 943 717 od
966 639 1214 714 liberationem
1237 661 1259 710 o

156 767 314 843 teneura,
331 758 491 830 ostendit
506 781 544 832 se
560 760 619 833 hio
635 769 755 833 motus
771 763 809 832 in
830 763 911 832 edre
932 765 1013 852 post
1029 756 1259 828 eructionem

157 874 194 944 in
212 873 288 944 ovis
304 873 425 945 vitreis
441 883 660 960 remanente,
678 877 715 948 in
733 876 885 958 chordis,
901 875 938 947 in
955 873 1061 956 eorio,
1074 879 1112 943 et
1128 891 1258 966 panno,

158 989 397 1062 resilientibus
422 999 504 1083 post
526 997 686 1063 tensurus
714 1013 804 1077 suos,
830 992 897 1062 nisi
920 999 1072 1062 tonsure
1099 984 1169 1058 illae
1195 1007 1259 1078 per

157 1126 295 1177 moram
321 1103 546 1187 invaluerint,
574 1105 639 1178 bro.
701 1105 826 1200 Atque
852 1106 949 1178 huno
974 1114 1115 1178 motum
1140 1098 1260 1174 sobole

158 1221 225 1292 sub
241 1221 387 1293 nornine
403 1229 524 1294 motus
540 1219 721 1316 exformu
738 1219 893 1294 elementi
909 1221 1047 1294 innuit:
1080 1218 1165 1290 sotis
1182 1217 1260 1310 qui·

160 1335 243 1407 dem
273 1335 410 1422 inseite,
436 1359 519 1408 oum
548 1337 605 1408 hie
636 1345 756 1410 motus
785 1361 859 1410 non
885 1344 1026 1409 tuntum
1055 1332 1101 1403 ad
1129 1333 1259 1414 aerem,

158 1473 298 1544 aquam,
314 1461 380 1523 aut
395 1451 577 1523 flammam
600 1454 789 1546 pertineat,
806 1452 868 1526 sed
891 1451 936 1522 od
955 1471 1097 1523 omnem
1115 1446 1261 1521 diversi-

159 1575 273 1640 tatem
291 1569 543 1639 eonsistentioe:
562 1577 604 1640 ut
621 1569 720 1665 ligni,
738 1569 831 1654 ferri,
848 1566 996 1662 plumbi,
1014 1564 1130 1658 psum,
1147 1583 1260 1632 mem·

159 1684 286 1768 brouae,
304 1682 369 1756 bro.
394 1685 432 1754 in
457 1685 598 1777 quibus,
620 1687 759 1781 singula
783 1707 929 1778 corpora
952 1705 1024 1754 suae
1050 1680 1183 1752 babent
1207 1677 1261 1748 di-

159 1801 353 1873 mensionis
368 1800 576 1886 modulum;
597 1803 698 1874 stab
714 1825 758 1874 eo
774 1825 866 1896 tegre
882 1801 927 1874 ad
944 1798 1097 1891 spatium
1115 1793 1260 1886 aliquod

160 1916 319 1990 notabile
335 1916 568 2010 abripiuntur.
608 1917 749 1991 Verum
766 1921 850 2012 quia
864 1925 983 1989 motus
999 1916 1068 1986 iste
1084 1909 1259 1986 libertatis

159 2034 321 2104 omnium
348 2040 402 2103 est
426 2034 584 2104 maxima
613 2033 749 2116 obvim,
776 2043 814 2104 et
842 2033 888 2104 ad
918 2031 1058 2102 infinita
1086 2035 1259 2120 spectans,

161 2145 365 2220 oonsultum
390 2147 500 2218 fuerit
525 2171 609 2220 eum
639 2149 731 2220 bene
757 2158 795 2221 et
819 2149 1004 2242 perspicue
1028 2145 1259 2238 distinguere.

160 2261 317 2347 Quidam
335 2263 431 2334 enim
447 2261 550 2334 valde
574 2263 798 2358 negligenter
814 2259 1039 2332 confundunt
1063 2258 1159 2330 buno
1184 2277 1261 2328 mo-

161 2387 241 2451 tum
258 2400 341 2450 enm
357 2381 502 2474 gemino
519 2378 582 2451 illo
599 2388 702 2450 motu
724 2379 907 2474 antitypioe
922 2386 960 2448 et
977 2397 1109 2454 nemo:
1135 2371 1261 2444 libers·

161 2495 297 2567 tionem
313 2493 450 2567 soilioet
465 2518 489 2566 e
505 2517 678 2588 pressura,
694 2518 777 2566 oum
795 2503 896 2566 motu
913 2492 1119 2587 epompio:
1143 2497 1261 2559 aten-
1310 2543 1313 2551 .

159 2633 253 2695 sura,
270 2633 353 2683 urm
369 2619 471 2683 motu
488 2633 620 2682 marro.-
646 2635 688 2684 ao
705 2613 735 2682 si
751 2612 833 2682 ideo
849 2611 1017 2682 oederent
1038 2615 1101 2679 aut
1118 2628 1157 2678 se
1174 2601 1262 2676 dila-

159 2736 280 2799 tarent
304 2749 449 2821 oorpora
475 2749 685 2820 comprensa,
702 2751 748 2800 ne
773 2737 982 2820 sequeretur
992 2723 1187 2820 penetratio
1207 2717 1262 2790 di·

159 2841 397 2922 meueioamrrr
422 2843 505 2915 ideo
528 2843 704 2915 resilirent
721 2851 761 2916 et
777 2842 1028 2915 contraherent
1052 2863 1090 2912 se
1116 2857 1262 2928 corpora

160 2967 272 3042 tenso,
289 2981 337 3031 no
357 2967 566 3050 sequeretur
582 2981 737 3031 vacuum.
787 2956 903 3050 Atqui
920 2959 949 3028 si
966 2959 1027 3028 e'e'r
1043 2971 1263 3046 compressus

158 3095 200 3145 ee
216 3073 327 3146 vellet
350 3075 508 3166 resipere
535 3074 572 3144 in
601 3075 816 3145 densitatem
843 3095 953 3165 squae,
972 3079 1036 3142 aut
1063 3069 1201 3164 lignum
1224 3067 1263 3136 in

161 3189 379 3262 densitatem
394 3188 531 3283 lapidis,
544 3190 596 3260 nil
613 3211 702 3283 opus
719 3190 812 3260 foret
824 3187 1059 3282 pmebutione
1079 3181 1264 3256 dimersio·

161 3325 268 3375 num:
295 3312 334 3375 et
355 3303 586 3376 nihilominus
604 3304 709 3398 longe
726 3306 842 3400 mojor
858 3313 976 3399 posset
993 3325 1069 3374 eme
1087 3319 1264 3392 compres-

161 3418 214 3490 sio
239 3419 393 3504 illorum‚
415 3442 524 3513 quom
551 3419 612 3492 illo
636 3419 711 3492 ullo
738 3420 846 3492 modo
873 3418 1069 3513 potiuntur.
1120 3413 1263 3488 Eodem

161 3535 271 3606 modo
287 3537 318 3607 si
333 3557 426 3628 aqna
446 3557 486 3608 se
511 3535 662 3606 dilatare
677 3534 789 3608 vellet
814 3536 852 3605 in
876 3536 1059 3606 redtatem
1084 3534 1183 3613 airis,
1200 3537 1264 3602 aut

162 3650 251 3744 lepis
276 3651 314 3720 in
338 3651 521 3722 raritatem
546 3650 645 3745 ligni,
667 3673 738 3722 non
762 3673 850 3744 opus
872 3650 966 3722 foret
991 3671 1119 3721 sumto:
1146 3657 1182 3719 et
1209 3654 1263 3716 te-

160 3786 245 3838 meu
262 3764 368 3862 longe
384 3765 497 3860 major
513 3774 633 3860 posset
649 3765 726 3838 fieri
743 3765 905 3837 extensio
922 3787 1057 3848 eorum,
1076 3787 1183 3858 quam
1201 3760 1264 3834 illa

161 3881 237 3954 ullo
268 3882 375 3954 modo
405 3882 600 3975 patiuntur.
666 3879 796 3976 Itaque
822 3904 894 3954 non
924 3881 1106 3953 reducitur
1132 3903 1188 3953 res
1215 3879 1262 3950 ad

153 3997 427 4094 penetralium
446 3994 710 4083 dimensionum,
728 4007 767 4070 et
792 4021 946 4083 ououum,
972 3999 1040 4069 nisi
1065 3999 1102 4069 in
1127 3995 1265 4069 ultimi·

160 4111 296 4185 totibus
312 4112 599 4186 oondeusetionis
615 4124 654 4186 et
670 4115 934 4188 rereisotionis:
960 4137 1044 4186 oum
1065 4125 1186 4186 tamen
1203 4111 1263 4182 isti

160 4237 282 4300 motus
298 4228 406 4323 longe
423 4230 513 4300 oitre
530 4253 589 4302 eas
606 4231 733 4302 sistant
749 4240 787 4302 et
804 4239 1009 4314 versentur3
1032 4252 1148 4323 neque
1165 4224 1263 4298 aliud

161 4346 245 4426 sint,
263 4367 371 4438 quam
391 4345 566 4418 desiderio
592 4369 780 4441 corporum
801 4346 1032 4419 conservandi
1057 4368 1097 4416 se
1121 4345 1160 4416 in
1180 4363 1265 4412 eon·

646 4481 713 4534 uu
