3078 5180
139 1055 458 1118 SERENISSIMO
486 1061 927 1134 POTENTISSIMOQUE
954 1063 1159 1123 PRlNclpl

407 1195 464 1252 Ac
495 1194 681 1254 DOMINO
711 1196 904 1264 Nosuuo,

522 1399 778 1514 JAOOBO,

188 1637 258 1694 nm
278 1635 420 1694 Gutum
438 1637 588 1698 MAGNAE
608 1637 842 1708 BRITANNIAE,
860 1639 1048 1707 summm,
1067 1641 1115 1696 ΚΓ

271 1757 473 1815 HlBERNlAE
493 1757 594 1825 REGI,
613 1759 717 1817 FlDEI
737 1759 964 1826 ostuusoul,
982 1761 1032 1816 due.

186 2005 396 2068 Saunium
411 2004 701 2078 Pomumssmuoos
716 2005 800 2078 Rux,

142 2129 339 2196 POTERIT
364 2129 494 2196 fortusse
521 2130 670 2218 Majostus
693 2139 749 2196 tus
774 2153 824 2196 ms
849 2129 925 2196 furti
946 2131 1096 2206 inousure,
1119 2133 1202 2218 quod

100 2247 223 2306 tontum
242 2241 400 2328 temporis,
415 2251 565 2329 quantum
579 2241 622 2305 ud
641 2242 709 2306 hmo
728 2241 867 2317 sufficiat,
883 2241 1015 2328 nogotiis
1029 2241 1090 2307 tuis
1109 2241 1203 2308 suffu-

100 2360 187 2416 ratus
209 2350 279 2416 sim.
324 2352 397 2417 Nou
418 2353 517 2418 huboo
539 2351 623 2439 quod
644 2351 753 2417 diuam.
798 2351 960 2439 Temporis
980 2351 1061 2417 onim
1083 2373 1145 2417 uon
1167 2352 1203 2418 fit

100 2461 280 2539 motuum
314 2462 371 2528 nisi
400 2462 482 2528 forte
507 2463 590 2549 quod
619 2463 792 2528 detractum
817 2461 912 2528 fuerit
937 2462 1084 2550 temporis
1109 2463 1203 2529 rebus

100 2574 170 2650 tuis,
186 2575 220 2641 id
242 2575 397 2641 memorius
416 2575 547 2640 nominis
566 2575 621 2652 tui,
637 2583 670 2640 et
684 2575 793 2640 honori
815 2575 918 2641 smouli
937 2575 983 2640 tui
1003 2575 1110 2662 reponi
1132 2596 1202 2662 pos-

100 2681 157 2758 sit;
180 2683 207 2746 si
223 2682 317 2746 modo
331 2683 398 2749 haeo
412 2683 539 2770 alicujus
553 2683 616 2750 sint
629 2683 730 2770 pretii.
769 2684 849 2750 Sunt
863 2694 948 2751 corte
961 2705 1089 2772 prorsus
1103 2707 1201 2762 uovs3

100 2791 194 2858 etium
217 2801 287 2859 toto
307 2815 443 2882 genere:
474 2794 529 2860 sod
551 2795 706 2882 descripto
727 2816 769 2860 ex
791 2795 888 2861 voturi
913 2796 1080 2862 admodum
1102 2817 1205 2861 oxom-

100 2903 190 2988 pluui
215 2904 333 2971 mundo
358 2905 472 2971 soilioet
498 2906 573 2993 ipso,
596 2915 629 2971 et
650 2914 763 2972 notum
784 2927 889 2972 rorum
915 2915 947 2970 et
968 2905 1088 2971 mentis.
1134 2906 1205 2992 Ipso

101 3023 187 3080 serto
203 3019 258 3096 (ut
278 3015 412 3104 ingenue
433 3017 548 3100 fateor)
569 3016 652 3082 soloo
673 3016 826 3082 oestimuro
847 3017 906 3082 hoo
928 3037 1005 3103 opus
1027 3016 1125 3104 magis
1147 3037 1205 3102 pro

101 3133 195 3209 put-tu
221 3127 381 3212 temporis,
403 3148 497 3213 quom
522 3127 646 3216 ingenii.
697 3127 779 3193 Illud
801 3128 882 3192 onim
903 3127 935 3192 in
957 3149 994 3192 oo
1016 3127 1205 3192 solummodo

101 3234 246 3302 mirabile
265 3245 332 3315 θοις
354 3237 441 3304 initis
454 3237 511 3314 roi,
525 3246 559 3303 ot
571 3246 676 3303 tantos
692 3237 733 3301 ds
752 3236 789 3301 iis
803 3258 873 3321 quae
893 3235 1089 3301 invaluerunt
1108 3236 1206 3322 suspi-

101 3346 214 3424 oionos,
233 3347 322 3414 alicui
336 3347 368 3413 in
382 3357 517 3414 montom
532 3349 638 3414 voniro
651 3348 795 3435 potuisse.
834 3348 958 3414 Oaetoro
972 3368 1034 3411 non
1050 3345 1204 3413 illibenter

100 3465 286 3544 sequuntur.
340 3459 385 3523 At
405 3469 548 3525 versatur
568 3457 771 3546 proculdubio
797 3479 884 3524 ossus
905 3461 955 3543 (ut
975 3455 1142 3543 loquimur)
1174 3467 1206 3523 et

101 3567 254 3653 quidum
275 3569 363 3655 qussi
384 3567 554 3646 fortuitum,
570 3590 632 3634 non
646 3567 747 3634 miuus
761 3567 792 3632 in
806 3567 843 3632 iis
858 3589 928 3654 quus
950 3567 1088 3655 cogitant
1109 3567 1206 3632 homi-

101 3698 166 3754 nos,
182 3699 279 3765 quum
293 3677 326 3743 in
340 3676 377 3743 iis
391 3699 461 3764 qum
475 3687 575 3766 agunt
588 3688 644 3743 out
658 3677 836 3764 loquuntur.
871 3677 989 3742 Verum
1004 3677 1086 3741 huno
1101 3698 1205 3742 ossum

99 3788 153 3874 (ds
173 3810 239 3876 quo
258 3787 381 3874 loquor)
395 3787 441 3854 ita
454 3787 584 3876 intelligi
599 3787 678 3864 volo,
695 3796 730 3852 ut
744 3786 770 3851 si
789 3786 866 3873 quid
885 3784 918 3850 iu
932 3785 990 3860 his,
1006 3807 1076 3872 quus
1096 3785 1204 3863 offero,

101 3899 142 3965 sit
155 3901 241 3978 boni,
257 3900 291 3967 id
304 3899 461 3967 immensus
483 3899 700 3966 misericordius
723 3907 756 3964 st
777 3897 908 3964 bonitati
928 3896 1050 3974 divium,
1066 3907 1098 3963 et
1112 3897 1206 3964 selioi-

99 4011 158 4077 toti
182 4021 360 4098 temporum
375 4021 499 4078 tuorum
513 4011 688 4077 tibuatur:
711 4010 759 4075 oui
779 4018 812 4074 st
831 4009 917 4075 vivus
939 4009 1139 4096 integerrimo
1161 4011 1206 4075 of-

99 4117 183 4187 foetu
198 4121 322 4200 servivi,
342 4131 375 4188 st
391 4132 530 4187 mortuus
544 4121 676 4187 fortusse
689 4120 723 4186 id
737 4120 877 4196 effecero,
893 4127 928 4184 ut
947 4118 1000 4184 illu
1020 4118 1205 4206 posteritati,

101 4255 183 4300 nous
204 4234 265 4300 hoo
287 4255 416 4300 uoosuso
430 4233 498 4300 fuoo
511 4234 543 4298 in
558 4233 759 4320 philosophia
781 4230 928 4307 tenebris,
944 4232 1115 4318 praeluosro
1137 4252 1206 4315 pos-

100 4336 171 4403 siut.
219 4337 336 4403 Merito
351 4346 456 4404 sutem
471 4336 661 4424 temporibus
675 4337 759 4424 rogis
781 4336 915 4402 omnium
938 4333 1152 4422 sapientissimi
1175 4341 1207 4398 st
