3156 5176
557 333 645 398 IslB.
662 333 710 398 11.
726 353 779 417 52.
1147 335 1211 400 sat

104 495 240 588 quibus
269 496 523 590 incipiendum,
550 521 596 569 ne
625 510 747 572 actum
772 520 941 592 agamus3
967 507 1007 568 ut
1035 498 1211 568 instantio

100 613 306 706 potcstatis:
333 623 398 685 aut
423 615 468 686 ad
492 616 578 707 quid
602 615 863 710 adspirandum‚
881 615 910 684 si
928 614 1035 685 detur
1050 613 1208 696 facultas,

105 736 152 799 ut
182 728 370 801 innuentes.
424 728 635 806 Mensurant
660 739 813 823 quatuor
841 731 911 802 illae
935 727 1208 802 mathematico:

104 844 297 916 sublevant
307 842 535 940 polgscirastoe
552 855 590 918 et
606 846 759 943 mopiooe.

161 960 296 1033 Rursus
313 962 451 1037 existis
469 963 644 1034 instantiis
657 963 784 1056 viginti
800 971 947 1056 septem,
959 963 1207 1035 nonnullarum

107 1076 168 1162 (ιιι
184 1079 344 1170 superius
360 1079 516 1149 diximus
529 1078 576 1151 de
591 1077 782 1174 aliquibus)
794 1080 957 1151 facienda
973 1090 1028 1150 est
1045 1079 1208 1152 collectio

98 1193 180 1285 jam
194 1192 238 1263 ab
250 1194 361 1276 initio,
373 1216 438 1264 nec
450 1194 671 1286 expectanda
681 1194 900 1288 particularis
914 1197 1096 1289 inquisitio
1106 1206 1210 1267 natu·

106 1330 238 1380 rarum.
256 1308 367 1403 Cujus
377 1312 516 1404 generis
526 1311 791 1382 suntinstnntioe
801 1309 1208 1407 oonsmnnes,monwdioae,

106 1423 291 1508 densans,
300 1422 496 1507 limitaneos,
502 1427 690 1520 potestatis,
691 1427 826 1520 Jonnoe,
837 1425 1024 1511 innuentes
1030 1425 1210 1523 potgsctre-

105 1547 179 1622 stes,
198 1542 349 1638 mopicce.
382 1541 450 1613 Hae
467 1544 562 1614 enim
581 1554 644 1615 aut
661 1544 879 1614 auxiliantur
896 1553 933 1615 et
950 1545 1140 1615 medentur
1156 1547 1210 1616 in-

107 1654 270 1728 tellectui
285 1668 322 1728 et
335 1659 473 1742 senoui3
498 1669 561 1729 aut
577 1661 759 1730 instruunt
776 1662 901 1753 praxin
920 1661 955 1732 in
968 1683 1108 1754 genere.
1140 1661 1211 1731 ne-

109 1772 216 1865 liquae
234 1782 309 1844 tum
329 1775 475 1845 demum
500 1776 747 1868 conquirendae
763 1787 855 1859 sunt,
873 1799 955 1848 cum
981 1778 1210 1848 conficiemus

108 1887 241 1960 utens
263 1890 506 1985 comparentis
522 1890 568 1960 ad
593 1911 682 1983 opus
706 1891 911 1983 interpretis
937 1892 1029 1962 circa
1054 1893 1209 1983 aliquam

109 2014 273 2075 naturam
299 2005 558 2098 particularem.
611 2001 704 2078 Sunt
729 2005 824 2076 enirn
843 2005 1019 2076 instantio
1029 2030 1210 2103 prosopo-

107 2119 190 2191 tiois
215 2121 291 2191 istis
316 2121 491 2214 insignita
514 2128 552 2192 et
575 2122 722 2203 donatae,
744 2123 874 2191 animae
896 2123 1005 2191 instar
1025 2123 1118 2193 inter
1135 2122 1210 2193 vul-

108 2259 211 2328 gares
229 2238 415 2307 instantias
431 2238 697 2330 comparentiae:
725 2247 772 2318 et,
792 2245 833 2307 ut
856 2237 901 2307 ab
924 2237 1026 2307 initio
1044 2238 1209 2320 diximus,

108 2375 229 2444 paucae
263 2352 401 2423 illarum
436 2362 519 2424 sunt
549 2354 625 2424 vioe
660 2351 863 2424 multarum.
916 2351 1092 2437 Quocirca
1126 2377 1207 2424 cum

108 2463 242 2538 tubulus
258 2468 475 2552 conficimus,
493 2468 563 2539 illae
583 2470 681 2540 omni
704 2469 823 2540 studio
844 2479 928 2540 sunt
949 2469 1210 2563 investiganda,

110 2591 147 2652 et
164 2583 202 2653 in
220 2580 351 2654 sabino
368 2583 570 2655 referendae.
622 2583 702 2655 Erit
719 2586 828 2656 etiam
852 2609 973 2656 earum
997 2587 1133 2656 mentio
1150 2607 1211 2655 ne-

110 2699 262 2768 cessaria
278 2699 314 2768 in
331 2698 373 2768 iis
390 2721 469 2790 quae
486 2707 691 2791 sequuntur.
720 2697 982 2790 Praeponendus
999 2699 1119 2790 itaque
1132 2708 1211 2768 erat

110 2835 232 2884 earum
251 2821 434 2884 tractatus.

160 2929 269 3000 Nunc
281 2953 364 3000 sero
376 2931 421 3002 ad
435 2927 649 3001 ndniniosdu
662 2940 700 3002 et
712 2928 971 3022 rsetifimtionss
988 2926 1210 3010 intinctionis,

110 3056 148 3117 et
171 3047 337 3138 deinceps
360 3045 404 3116 ad
422 3052 586 3128 concreto,
605 3053 643 3115 et
659 3041 798 3115 latentes
812 3066 1000 3136 processus,
1017 3052 1055 3114 et
1073 3041 1212 3113 latentes

110 3159 372 3244 schematismos,
386 3171 425 3232 ct
442 3159 588 3254 reliqua,
601 3183 681 3252 quae
700 3155 898 3254 opionismo
912 3163 973 3228 21.
991 3157 1114 3229 ordine
1132 3180 1211 3250 pro·

112 3277 301 3371 posuimus,
320 3278 561 3370 pergendum
586 3290 628 3345 ut
651 3275 795 3346 nudem
822 3275 1005 3366 (tanquam
1033 3283 1213 3344 curatores

112 3393 211 3486 probi
243 3403 282 3464 et
312 3391 451 3484 fideles)
482 3392 662 3463 tradamus
697 3391 898 3462 hominibus
929 3391 1090 3462 fortunas
1123 3411 1212 3470 suas,

111 3509 332 3601 emancipato
348 3506 549 3590 intellectu,
567 3518 605 3578 et
622 3508 718 3578 facto
742 3517 911 3597 tanquam
932 3505 1089 3598 majore;
1116 3504 1213 3575 unde

112 3647 252 3695 necesse
269 3634 324 3694 est
341 3625 439 3714 sequi
457 3623 745 3694 emendationem
769 3631 881 3692 status
902 3620 1067 3701 hominis,
1086 3628 1123 3688 et
1140 3643 1215 3690 am-

110 3739 314 3830 pliationem
333 3739 519 3831 potestatis
536 3740 613 3832 ejus
629 3759 734 3830 super
752 3746 924 3809 naturam.
978 3733 1100 3806 Homo
1118 3737 1214 3804 enim

110 3877 173 3946 per
190 3852 326 3946 lapsum
345 3863 382 3923 et
400 3853 446 3922 de
469 3862 567 3924 statu
590 3853 802 3924 innocentia
820 3852 966 3935 decidit,
985 3865 1023 3923 et
1042 3851 1086 3920 de
1104 3872 1213 3944 regno

110 3971 144 4038 in
173 3978 363 4039 creaturas.
417 3967 579 4060 Utraque
606 3977 727 4039 autem
759 3991 815 4040 res
843 3970 954 4039 etiam
984 3970 1021 4038 in
1052 3967 1118 4036 hae
1143 3968 1216 4036 vita

111 4083 282 4155 nonnulla
305 4107 353 4154 ex
377 4092 479 4177 parte
504 4085 657 4176 reparari
684 4092 824 4177 potest3
860 4085 957 4178 prior
984 4105 1049 4177 per
1073 4083 1215 4176 religio-

60 4267 63 4274 .
110 4223 192 4271 nern
210 4209 249 4272 et
265 4199 383 4282 fidem,
402 4199 573 4293 posterior
593 4221 655 4292 per
676 4209 770 4270 artes
793 4209 831 4271 et
854 4201 1031 4271 scientias.
1084 4195 1213 4289 Neque

111 4318 204 4386 enim
233 4339 296 4409 per
321 4314 608 4387 maledictionem
632 4315 727 4386 facta
752 4327 806 4386 est
832 4323 995 4387 creatura
1020 4335 1159 4404 prorsus
1177 4322 1214 4383 et

661 4453 682 4499 z
