3222 5148
635 330 724 396 mn.
746 331 865 416 una.
1234 333 1299 396 115

200 493 361 587 plurimae
387 517 464 580 rea;
490 497 606 590 primo
632 498 727 570 lovea
752 506 790 568 et
814 496 978 592 vulgatae,
998 495 1127 568 deinde
1151 495 1240 569 viles
1264 507 1304 570 ct

200 609 401 694 illiberales,
415 621 592 705 postremo
605 613 711 684 nimia
729 612 878 686 subtiles
893 635 937 686 uc
949 635 1049 684 mera
1067 611 1301 706 speculative,

199 733 238 795 et
253 727 352 817 quaai
371 725 503 798 nulliua
518 749 625 800 naua:
642 730 739 820 quod
756 752 870 825 genua
887 750 1007 800 rarum
1022 726 1210 798 hominum
1227 736 1302 798 atu·

201 842 260 912 dia
274 851 435 914 avertere
452 851 490 912 et
505 843 660 914 alienare
677 847 799 938 possit.

247 955 373 1050 Atque
400 959 446 1030 de
473 959 550 1030 istiu
578 961 692 1042 rebus,
717 984 799 1056 quae
826 959 994 1031 videntur
1018 959 1186 1054 vulgatae,
1210 958 1300 1032 illud

199 1072 363 1145 homines
387 1075 570 1170 cogitent;
604 1075 719 1148 aolem
745 1099 829 1148 anne
854 1099 915 1147 eoa
942 1076 1061 1147 adhuc
1086 1075 1175 1146 mhil
1202 1075 1300 1146 aliud

199 1211 314 1284 agere,
337 1213 446 1282 qnam
468 1199 510 1261 ut
536 1214 774 1286 eorumquae
801 1215 878 1264 rara
906 1201 1001 1276 sunt,
1026 1213 1147 1264 cauaaa
1173 1192 1219 1264 ad
1246 1215 1300 1276 ea,

200 1329 278 1399 quae
295 1306 500 1406 frequenter
515 1305 617 1390 flunt,
634 1309 790 1380 referant
808 1317 846 1380 et
863 1308 1157 1380 accommodent:
1184 1317 1223 1380 at
1246 1310 1301 1402 ip·

199 1445 330 1506 sorum,
356 1446 433 1516 quae
458 1424 664 1517 frequenter
689 1426 871 1508 eveniunt,
897 1424 1014 1496 nullaa
1040 1444 1161 1496 causas
1185 1427 1301 1520 inqui-

158 1577 161 1584 ·
199 1548 289 1624 rant,
314 1539 376 1610 aad
402 1562 444 1610 ea
471 1539 546 1632 ipaa
573 1543 746 1638 recipiant
775 1551 945 1636 tanquam
976 1563 1144 1614 concessa
1173 1549 1211 1612 et
1239 1541 1301 1612 ad-

198 1652 347 1726 miaaa⁵⁴.

250 1771 379 1864 Itaque
404 1793 474 1842 non
501 1773 678 1865 ponderis,
695 1797 767 1846 non
791 1775 977 1846 rotationis
1000 1772 1209 1856 caelestium,
1226 1796 1299 1845 non

199 1886 335 1970 caloris,
352 1911 424 1958 non
441 1888 590 1982 frigoris,
608 1911 679 1960 non
703 1889 858 1974 luminia‚
876 1913 947 1962 non
968 1892 1057 1974 duri,
1076 1913 1146 1960 non
1169 1889 1298 1975 mollia,

199 2026 271 2074 non
298 2005 425 2085 tenuia,
452 2025 523 2074 non
554 2005 664 2088 denti,
693 2027 764 2076 non
794 2005 930 2100 liquidi,
958 2030 1030 2078 non
1061 2007 1298 2089 consistentia,

198 2144 270 2192 non
297 2121 454 2204 animati,
480 2144 554 2194 non
582 2123 778 2204 inanimati,
802 2146 875 2195 non
903 2123 1076 2206 similaris,
1102 2145 1175 2194 non
1201 2123 1301 2194 disai-

198 2235 340 2322 milaria,
358 2259 425 2308 nec
447 2237 592 2308 demum
611 2239 768 2330 organici
785 2259 908 2308 cauaaa
925 2245 1108 2330 quaerunt3
1135 2236 1208 2321 aad,
1227 2235 1298 2308 illia

198 2361 368 2446 tanquam
385 2374 450 2445 pro
466 2353 692 2424 evidentibus
710 2361 747 2423 et
764 2353 961 2424 manifestis
984 2353 1148 2446 receptis,
1167 2352 1213 2424 de
1230 2375 1297 2424 cae-

199 2470 285 2540 teria
309 2468 425 2552 rebus,
443 2491 520 2562 quae
543 2490 613 2538 non
632 2476 707 2538 tam
725 2469 931 2560 frequenter
948 2477 986 2540 et
1003 2468 1225 2540 familiariter
1240 2491 1300 2541 oc-

198 2592 357 2670 currunt,
374 2583 557 2678 disputant
572 2593 612 2655 et
621 2585 796 2677 judicant.

241 2698 321 2772 Noa
337 2723 430 2782 vero,
449 2702 510 2792 qui
529 2701 614 2771 satia
633 2702 772 2784 acimua,
790 2699 931 2771 nullum
947 2700 994 2773 de
1011 2699 1116 2770 rebus
1134 2701 1219 2770 raris
1234 2707 1299 2770 aut

198 2817 413 2904 notabilibus
423 2818 603 2911 judicium
620 2818 696 2888 fieri
714 2839 825 2910 poseo.
844 2815 1095 2888 multominus
1115 2839 1170 2890 rea
1191 2838 1299 2886 novas

197 2934 236 3004 in
261 2932 380 3005 locem
405 2933 572 3025 protrahi,
598 2933 732 3026 abaque
755 2932 954 3026 vulgarium
979 2955 1098 3002 rerum
1120 2933 1244 3015 caucia
1262 2939 1300 3002 et

196 3071 380 3121 causarum
397 3051 512 3120 cannis
532 3050 600 3120 rite
617 3049 831 3120 examinatio
848 3057 888 3117 et
904 3049 1075 3140 repertia3
1101 3047 1299 3117 necessario

197 3164 242 3236 ad
265 3185 322 3236 rea
338 3162 598 3257 vulgatissimae
622 3163 661 3234 in
687 3162 871 3233 historiam
896 3172 1055 3232 nostram
1080 3158 1300 3253 recipiendas

197 3279 454 3373 compellimur.
506 3279 715 3364 Quinetiam
742 3278 794 3350 nil
819 3278 934 3371 magia
957 3275 1189 3373 philosophiae
1214 3273 1301 3345 offe·

196 3398 286 3468 cisae
296 3395 719 3489 deprehendimuaquam
729 3395 828 3488 quod
839 3415 905 3476 raa,
914 3418 994 3488 quae
1004 3391 1195 3465 familiares
1204 3399 1298 3473 aunt,

196 3521 235 3583 et
269 3513 473 3604 frequenter
506 3519 706 3594 occurrunt,
737 3510 1080 3602 contemplationem
1113 3507 1298 3578 hominum

195 3653 267 3701 non
293 3638 477 3700 morentur
492 3637 531 3700 et
548 3629 741 3711 detineant,
767 3628 830 3700 aed
854 3628 1073 3721 recipiantur
1094 3625 1221 3708 obiter,
1238 3646 1301 3695 ne-

194 3769 265 3838 que
282 3769 404 3817 earum
421 3769 534 3816 causae
551 3747 658 3837 quaeri
683 3744 839 3817 soleant:
867 3753 908 3814 nt
933 3767 1008 3816 non
1033 3745 1158 3838 aaepiua
1184 3741 1301 3835 requi·

192 3872 293 3934 ratur
321 3863 523 3934 informatio
557 3861 602 3932 de
632 3860 738 3932 rcbua
769 3861 914 3956 ignotis,
941 3883 1051 3954 quam
1078 3857 1233 3930 attentio
1262 3857 1300 3926 in

193 3981 300 4050 notia.

228 4141 256 4184 ὅ*
283 4143 370 4200 Thera
399 4145 423 4198 ia
450 4154 524 4216 great
552 4143 665 4201 wiadom
694 4146 723 4200 in
764 4155 793 4201 to
816 4145 942 4218 ordinary
962 4143 1008 4200 life
1028 4149 1090 4200 “nt
1114 4146 1223 4201 dotetur
1245 4141 1301 4198 vita

190 4223 256 4278 thur
275 4223 373 4294 calling
390 4225 559 4279 attentionto
571 4230 723 4280 “common
763 4225 882 4281 hnmana
905 4223 981 4279 novia
1002 4223 1117 4279 inventia
1138 4232 1166 4279 et
1186 4221 1300 4293 copiia.”

191 4300 314 4373 things?
356 4301 381 4356 1t
402 4303 425 4355 in
445 4303 591 4373 apertos
607 4301 722 4360 Bucon’a
765 4303 786 4358 l.
799 4305 844 4360 81.

192 4389 293 4451 ryetcm
313 4387 341 4434 to
360 4379 438 4434 make
457 4379 621 4453 Philosophy
634 4382 723 4437 uaeiul

811 4477 864 4526 12
