3268 5146
311 316 374 386 198
637 317 811 382 NOVUM
834 315 1084 382 ORGANUM.

308 505 457 554 manens
489 483 525 552 in
557 491 676 565 stetu3
719 484 794 554 sive
823 482 965 566 enimsi,
995 481 1069 555 sive
1099 481 1308 578 vegetabile,
1339 484 1416 554 sive

309 599 502 681 minerale3
528 599 603 670 sive
626 621 727 691 equs,
746 600 820 672 sive
843 599 973 681 oleum,
996 599 1071 668 sive
1096 599 1179 682 edr3
1204 607 1268 669 eut
1294 597 1416 691 ulique

310 715 380 786 elie
402 715 602 786 substantie
623 737 844 808 quoecunque
870 714 1070 808 susceptiva
1095 721 1216 785 motus
1241 713 1414 806 praedicti.

310 832 475 904 Calidum
505 840 628 903 eutem
658 831 703 902 sd
734 853 875 902 sensum
901 853 957 902 ree
985 831 1109 901 eedem
1137 839 1215 900 est:
1242 830 1304 902 sed
1330 853 1417 902 cum

310 947 481 1042 analogia,
499 947 614 1041 qualis
636 949 810 1042 competit
833 949 963 1021 sensui.
1017 945 1127 1018 Nunc
1146 969 1229 1018 vero
1252 947 1298 1018 ed
1321 945 1417 1018 ulte-

312 1064 404 1135 riore
419 1053 553 1135 auxilie
570 1063 832 1156 procedendum
852 1073 919 1136 est.

806 1195 917 1267 XXI.

364 1295 451 1368 Post
471 1294 620 1368 chnlcs
637 1296 880 1391 cmnpcrcntioe
891 1297 1031 1391 primm,
1049 1304 1088 1368 et
1103 1296 1317 1390 rejectionem
1341 1295 1417 1368 sive

312 1411 532 1494 semuncem,
549 1435 616 1484 uec
633 1435 704 1482 nou
722 1411 1027 1484 vindemiationom
1038 1412 1195 1508 prim
1213 1413 1345 1484 factem
1362 1435 1418 1484 se-

313 1529 470 1600 cundnm
487 1551 566 1615 ees;
594 1529 814 1622 pergendum
837 1539 893 1600 est
917 1529 963 1600 ed
990 1529 1126 1623 reliquo
1150 1527 1287 1600 auxilie
1310 1527 1418 1598 intei-

313 1645 437 1725 tectus,
467 1645 561 1716 circe
589 1644 906 1740 interpretationem
936 1654 1082 1729 nctnroe,
1115 1655 1153 1716 ot
1183 1644 1418 1718 inductionem

314 1783 434 1831 verum
450 1783 492 1832 ec
508 1761 716 1854 perfectam.
768 1761 813 1832 In
830 1762 959 1855 quibus
985 1759 1232 1854 proponendis,
1250 1761 1312 1832 ubi
1328 1783 1420 1854 opus

314 1873 383 1945 erit
408 1873 550 1954 tubulis,
573 1875 807 1967 procedemus
832 1899 940 1970 super
961 1875 1119 1948 celidnm
1138 1885 1176 1946 et
1193 1871 1420 1970 frigidum⁴⁰;

316 1989 377 2060 ubi
394 2001 515 2062 sutem
533 2013 622 2084 opus
638 1994 708 2063 erit
725 2001 866 2063 tautum
885 1992 1059 2086 exemplis
1085 1992 1321 2086 paucioribus,
1339 2013 1421 2084 pro-

314 2106 483 2178 cedemus
500 2129 563 2200 per
578 2107 648 2178 elie
665 2110 804 2180 omnis:
821 2117 864 2180 ut
880 2131 947 2180 nec
965 2107 1205 2180 confundatur
1221 2108 1418 2200 inquisitio,

315 2233 354 2294 et
370 2229 492 2296 temen
509 2224 671 2295 doctrine
688 2235 848 2296 versetur
864 2225 983 2296 miuus
1000 2226 1038 2296 iu
1054 2232 1219 2318 augusto.

366 2338 537 2410 Dicemus
562 2341 685 2432 itaque
710 2341 826 2434 primo
849 2341 937 2424 loco,
956 2341 1001 2412 de
1020 2338 1267 2438 proroyaticis
1288 2338 1424 2410 insten-

316 2453 503 2528 ticrnm⁴¹s
529 2456 697 2539 secundo,
715 2457 761 2527 de
787 2455 1010 2528 adminiculis
1035 2455 1273 2528 inductionis:
1301 2457 1424 2540 tertio,

317 2571 362 2643 de
387 2571 632 2666 rectificatione
657 2569 893 2644 inductionis:
919 2582 1059 2666 quarto,
1076 2574 1122 2646 de
1148 2571 1341 2645 msiotions
1367 2571 1422 2643 io·

317 2687 517 2784 qnisiticnis
528 2711 599 2784 pro
616 2695 744 2759 notnrc
765 2687 926 2783 suffecti:
954 2693 1091 2782 quinto,
1110 2691 1155 2762 de
1175 2687 1425 2786 praeroqotiois

318 2815 523 2878 nctnrornm
542 2815 718 2899 quatenus
744 2807 789 2878 sd
813 2808 1094 2902 inquisitionem,
1112 2808 1187 2878 eive
1205 2807 1250 2877 de
1267 2829 1311 2876 eo
1328 2805 1425 2898 quod

317 2923 569 3017 inquirendum
588 2931 643 2993 est
661 2923 757 3014 prius
782 2931 820 2992 et
844 2924 1040 3016 posterius:
1067 2931 1182 3007 sexto,
1200 2921 1246 2992 de
1265 2920 1426 2992 mininis

319 3039 567 3135 inquisitionis,
597 3040 673 3110 sive
702 3039 749 3110 de
777 3038 921 3135 synopsi
951 3041 1113 3110 omnium
1145 3045 1352 3109 naturarum
1387 3039 1426 3110 in

318 3158 502 3229 universo:
530 3157 692 3250 septimo,
710 3156 757 3226 de
773 3153 974 3228 deductione
996 3153 1044 3226 od
1061 3156 1209 3250 pruciis,
1227 3156 1302 3226 sive
1319 3155 1365 3226 de
1382 3178 1427 3227 eo

354 3337 381 3378 ⁴⁰
391 3337 458 3393 This
471 3337 557 3393 shsws
569 3337 628 3392 thet
641 3337 733 3392 Bscon
746 3335 791 3392 did
803 3347 852 3393 not
892 3337 1036 3394 meteristic
1045 3337 1222 3410 phenomens‚
1232 3335 1346 3392 selected
1356 3337 1428 3392 imm

320 3417 443 3472 consider
451 3417 497 3472 the
507 3417 587 3472 Form
599 3415 630 3470 oi
641 3415 713 3470 Heot
724 3425 752 3471 to
763 3415 797 3470 he
809 3425 853 3488 yet
893 3415 938 3470 the
956 3427 1031 3488 great
1048 3433 1120 3471 mess
1138 3415 1170 3471 oi
1183 3415 1250 3471 iscts
1268 3416 1386 3486 αἰκίας
1399 3416 1429 3472 iu

320 3495 484 3559 discovered,
496 3497 588 3549 unless
601 3493 646 3548 the
662 3493 812 3550 discusdms
824 3495 851 3549 in
894 3504 996 3550 nature.
1034 3494 1205 3550 thcmeue
1221 3491 1429 3550 meeleetedou

322 3569 854 3644 11.11-2ohesupposcdtobeesemple
893 3579 1007 3628 account
1024 3571 1055 3626 oi
1070 3588 1144 3626 some
1161 3570 1430 3643 pecsrlisrlyiorcible

320 3653 352 3708 oi
360 3651 406 3707 the
417 3653 514 3706 results
526 3651 557 3706 oi
567 3650 613 3705 the
624 3650 710 3705 whole
722 3650 845 3708 Methcd.
894 3669 951 3722 wey
959 3651 987 3705 iu
999 3649 1087 3705 which
1099 3649 1162 3722 they
1172 3650 1254 3706 striks
1265 3649 1312 3704 the
1322 3667 1429 3714 tason,

356 3729 380 3770 ⁴¹
401 3729 586 3799 Proercynticoe
603 3729 684 3783 refers
699 3738 728 3784 to
739 3728 785 3783 the
798 3727 852 3784 Rc-
893 3728 946 3784 end
958 3730 1071 3800 imprses
1083 3747 1116 3784 us
1127 3728 1192 3783 with
1204 3746 1220 3782 e
1231 3728 1299 3783 kind
1311 3729 1431 3785 sisenes

321 3827 385 3864 men
403 3817 503 3880 system
514 3807 545 3862 ci
553 3807 647 3878 voting
663 3807 700 3879 by
712 3807 853 3863 ceutsuies.
894 3807 1143 3871 ufmunnands
1154 3807 1299 3878 particular
1309 3806 1432 3879 aptitudo

321 3887 392 3942 'I'hst
409 3886 496 3941 which
516 3885 596 3941 votsd
614 3886 672 3940 first
692 3903 747 3941 was
770 3885 855 3941 called
894 3885 1156 3957 iorgeuerelimtiom
1168 3884 1362 3951 heeousiders,
1374 3883 1431 3941 aud

322 3964 368 4021 the
387 3965 565 4036 Praemgutive
586 3963 726 4036 Centum
757 3963 810 4018 and
833 3965 856 4020 it
891 3963 1027 4034 justly,as
1045 3960 1159 4034 holding
1176 3961 1276 4016 ahiud
1293 3963 1324 4018 oi
1339 3979 1431 4034 prero-

322 4061 376 4099 ηε
400 4044 506 4116 usually
530 4042 615 4097 mund
639 4042 698 4096 thet
719 4043 758 4115 hy
781 4061 856 4098 some
895 4041 983 4112 gutive
1012 4039 1124 4112 dignity,
1148 4039 1201 4096 und
1225 4041 1354 4114 clniming
1380 4059 1433 4098 our

322 4121 457 4196 pre-judice
480 4139 512 4176 or
537 4121 708 4192 superstition
731 4121 752 4176 it
775 4121 855 4176 influ-
896 4120 954 4174 first
972 4117 1024 4173 end
1037 4119 1148 4189 epeein
1166 4120 1297 4174 mennon
1315 4120 1344 4174 iu
1362 4120 1433 4193 phy·

322 4201 405 4258 eumd
419 4201 465 4256 the
483 4208 546 4265 rest,
558 4199 646 4255 which
661 4198 764 4254 seldom
775 4199 856 4256 voted
896 4197 961 4253 sicel
983 4197 1146 4270 enquiries.”
1184 4195 1341 4254 Hermhel’s
1366 4197 1432 4254 Dis·

322 4281 470 4337 otherwise.
508 4279 551 4336 cf.
566 4277 621 4335 (irc.
635 4295 684 4350 pro
698 4277 770 4333 Mur.
783 4277 856 4333 xviii.
897 4293 1000 4342 cosme,
1013 4278 1028 4345 ς
1041 4292 1099 4348 190.

325 4359 367 4432 By
377 4360 431 4415 this
444 4377 523 4414 name
536 4358 626 4414 Becco
639 4356 753 4413 denoted
767 4357 856 4411 “eho-
