3156 5176
592 347 680 414 LIB.
701 347 748 414 11.
763 362 817 435 50.
1189 349 1254 412 825

150 505 317 580 Secunde
341 507 382 580 iit
407 531 472 602 per
495 513 775 583 contractionem
798 512 953 606 partium
979 511 1189 584 crassiorum
1215 512 1253 582 in

148 643 295 718 corpore
319 622 440 716 aliquo
472 633 554 719 post
578 626 817 699 evolationem
843 636 907 699 rut
931 628 1070 699 exitum
1097 627 1252 721 portium

150 739 364 824 tenuiomm,
381 749 424 811 nt
440 739 482 813 fit
505 743 543 812 in
561 743 843 816 indurationibus
858 767 923 836 per
945 743 1076 838 ignem,
1094 750 1133 813 et
1152 765 1254 836 repe·

149 854 226 927 titis
249 855 548 928 exstinctionibus
572 856 810 942 metallorum,
834 867 872 931 et
897 856 1083 930 similibus
1134 855 1255 929 Tertia

149 969 192 1041 fit
217 993 282 1064 per
309 970 501 1044 coitionem
531 972 687 1066 portium
715 974 1027 1068 homogenecrum,
1059 995 1138 1065 quae
1168 980 1254 1043 sunt

149 1084 307 1158 maxime
332 1085 451 1159 solidae
470 1087 510 1158 in
531 1111 675 1182 corpore
700 1089 831 1183 aliquo,
849 1098 959 1182 etque
981 1095 1087 1160 entes
1112 1088 1254 1159 fuerent

149 1199 339 1286 distreotoe,
364 1211 403 1274 et
432 1225 515 1275 oum
539 1203 659 1274 minus
684 1204 805 1278 solidis
831 1205 1045 1278 commistae:
1079 1203 1190 1274 veluti
1216 1203 1253 1274 in

149 1316 375 1390 restitutione
401 1319 564 1390 mercurii
595 1320 785 1403 sublimati,
814 1321 876 1415 qui
905 1321 942 1390 in
971 1318 1116 1414 pulvere
1145 1319 1251 1414 longe

149 1433 264 1525 majus
289 1443 439 1526 occupet
464 1435 628 1528 spatium,
654 1457 763 1527 quem
788 1436 983 1508 mercurius
1009 1433 1181 1529 simplex;
1215 1443 1254 1505 et

149 1548 315 1622 similiter
342 1550 379 1620 in
410 1551 508 1621 omni
541 1553 791 1646 repurgatione
825 1550 1050 1624 metallorum
1085 1573 1106 1621 e
1135 1550 1254 1622 scoriis

148 1665 232 1738 suis.
283 1662 421 1749 Quarto
440 1665 482 1736 fit
501 1689 566 1760 per
588 1689 790 1752 consensus,
807 1668 1029 1739 admovendo
1053 1688 1131 1759 quae
1154 1687 1201 1736 ex
1216 1665 1252 1734 vi

149 1801 336 1874 corporum
365 1781 507 1853 occulte
539 1784 779 1856 condemont:
819 1783 880 1877 qui
910 1803 1101 1854 consensus
1133 1781 1252 1852 adhuc

149 1917 228 1968 roro
251 1918 289 1968 se
312 1897 524 1970 ostendunt:
551 1899 647 1992 quod
673 1901 802 1970 mimm
826 1900 975 1970 minime
998 1906 1064 1982 est,
1082 1897 1251 1990 quoniam

148 2020 342 2104 antequem
372 2013 531 2086 inventio
560 2014 729 2086 succedet
756 2015 947 2087 formarum
978 2023 1016 2085 et
1046 2013 1253 2086 schematis-

149 2148 300 2212 momm,
317 2129 363 2202 de
388 2129 615 2222 inquisitione
640 2153 876 2201 consensuum
897 2153 969 2200 non
994 2128 1149 2200 multum
1174 2151 1253 2221 spe-

148 2243 301 2315 randum
320 2251 387 2317 est.
438 2243 546 2317 Certe
566 2245 681 2338 quoad
699 2269 844 2340 corporo
866 2244 1083 2328 animalium,
1103 2243 1252 2315 dubium

148 2381 221 2431 non
250 2368 315 2444 est,
338 2361 424 2454 quin
451 2360 522 2432 sint
552 2361 750 2455 complures
779 2362 973 2446 medicinoe,
1000 2369 1076 2432 tem
1103 2360 1252 2431 interius

148 2497 258 2568 quem
280 2477 438 2549 exterius
461 2487 623 2570 sumptae,
644 2500 722 2570 quae
745 2478 973 2561 oondensont,
993 2485 1164 2569 tanquam
1187 2497 1252 2568 per

148 2610 373 2674 consensum,
388 2598 432 2661 ut
453 2589 559 2684 poulo
579 2599 663 2664 ante
679 2592 846 2663 diximus.
898 2591 970 2664 Sed
994 2593 1031 2663 in
1049 2591 1252 2662 inanimatis

147 2725 228 2776 rere
260 2714 316 2776 est
348 2704 551 2799 hujusmodi
586 2708 755 2800 operatio.
808 2706 1016 2779 Percrebuit
1051 2729 1145 2788 sone,
1175 2713 1251 2776 tem

148 2819 288 2912 scriptis
314 2841 419 2914 quem
445 2821 549 2906 ieme,
566 2824 722 2894 narratio
746 2823 793 2894 de
820 2823 944 2894 arbore
969 2823 1006 2894 in
1032 2845 1104 2894 une
1127 2845 1173 2894 ex
1200 2823 1254 2892 in-

149 2933 237 3008 sulis
266 2937 338 3008 sive
358 2933 549 3009 Terceris¹8
575 2938 648 3010 eive
675 2935 841 3022 Ueneriis,
869 2938 1001 3032 (neque
1033 2939 1129 3009 enim
1160 2938 1253 3010 bene

148 3053 324 3148 memini)
342 3075 419 3146 qnae
441 3060 615 3146 perpetuo
638 3052 770 3138 stillet3
795 3053 885 3125 adeo
908 3064 950 3124 ut
971 3053 1254 3125 inhabitantibus

148 3168 359 3240 nonnullum
385 3169 677 3242 commoditatem
702 3191 802 3263 eque
826 3169 992 3262 praebent.
1046 3167 1254 3240 Peracolsus

148 3293 272 3358 eutem
302 3287 366 3370 eit,
392 3285 538 3358 herbam
568 3295 729 3358 vocatam
756 3309 871 3358 rorem
900 3283 1016 3358 solet
1040 3285 1191 3358 meridie
1216 3293 1256 3356 et

150 3401 312 3474 fervente
337 3400 413 3474 sole
442 3425 520 3473 rore
547 3401 701 3494 impleri,
729 3425 812 3474 cum
841 3403 919 3474 slioe
947 3400 1066 3474 herbae
1096 3402 1254 3493 undique

148 3518 221 3590 sint
245 3517 355 3590 siccoe.
407 3515 462 3588 At
486 3538 551 3590 ncs
576 3525 765 3611 utromque
793 3519 1031 3590 narrationem
1058 3516 1255 3588 fabulosam

148 3653 225 3705 esse
250 3633 506 3705 existimemus.
558 3632 717 3704 Omnino
741 3641 863 3704 eutem
889 3632 960 3704 illae
984 3633 1167 3705 instantiae
1192 3655 1256 3704 no-

147 3747 308 3821 bilissimi
339 3749 456 3820 forent
482 3769 577 3831 usus,
600 3755 639 3820 et
666 3750 945 3843 introspectione
973 3749 1202 3844 dignissimae,
1224 3749 1254 3820 si

145 3872 267 3938 essent
282 3885 383 3938 verae.
435 3863 557 3935 Etiam
573 3886 669 3936 rores
686 3862 768 3935 illos
788 3864 956 3948 mellitos,
975 3873 1013 3936 et
1028 3866 1141 3938 instar
1156 3887 1258 3936 mon·

146 4003 212 4065 nae,
233 3980 295 4072 qui
319 4001 425 4073 super
447 3976 541 4051 foliis
566 4001 718 4073 quercus
744 3981 976 4052 inveniuntur
998 4003 1123 4054 mense
1145 3978 1257 4063 Maio,

147 4119 220 4169 non
238 4094 484 4168 existimemus
501 4094 578 4168 fieri
595 4104 633 4167 et
649 4095 789 4167 denseri
807 4119 829 4168 e
847 4119 1021 4169 consensu
1038 4097 1169 4190 aliquo,
1182 4096 1257 4166 sive

347 4279 371 4320 ¹⁸
385 4277 444 4336 Tne
453 4279 568 4351 Tercery
578 4279 694 4346 luendo,
705 4299 768 4338 now
778 4284 864 4340 called
876 4283 922 4340 the
934 4282 1044 4339 Azotos.

348 4357 372 4397 ¹⁹
389 4357 445 4416 Ros
455 4357 574 4436 solis-“
582 4356 729 4415 Sundew.’'
