3156 5176
332 347 397 416 292
656 307 1104 410 uolnuonoaunm.

331 509 503 581 sistentiis
519 511 602 592 suis,
620 511 720 598 (sive,
737 513 767 581 si
784 509 924 596 malint,
940 513 979 582 in
995 511 1119 582 formis
1133 508 1220 596 suis)
1238 531 1308 582 neo
1335 507 1385 580 ab
1400 509 1442 579 iis

332 626 522 697 recedendi
540 626 668 710 subito,
686 627 753 698 nisi
772 649 837 720 per
852 628 979 698 modos
999 647 1133 708 suaves,
1150 647 1193 696 aa
1210 648 1275 718 per
1292 646 1444 695 eonsen-

332 763 413 812 sum
430 740 640 813 alterentur.
690 740 744 812 At
760 741 866 836 longe
884 741 996 836 magis
1013 741 1251 811 neeessariam
1269 749 1327 809 est
1344 739 1443 832 (qnia
1559 769 1560 772 ¹

333 855 450 927 multa
477 877 598 927 secum
623 857 757 950 trabit)
783 866 826 929 ut
850 857 1038 928 intimetur
1060 855 1275 937 hominibus,
1302 864 1444 958 motum

333 969 565 1044 violontum⁷¹
581 977 704 1066 (quem
722 995 786 1044 nos
803 969 1047 1054 mechanicum,
1064 969 1307 1051 Democritus,
1324 971 1388 1062 qui
1406 972 1442 1040 in

335 1087 492 1159 motibus
509 1089 582 1158 suis
599 1088 724 1182 primis
740 1086 973 1180 expediendis
1000 1087 1111 1156 etiam
1130 1085 1224 1156 infra
1243 1085 1444 1156 medioeres

335 1201 564 1296 philosophos
589 1203 773 1295 ponendus
798 1211 865 1288 est,
883 1208 1021 1272 motum
1041 1198 1160 1298 ploqc'r
1175 1195 1365 1289 voasvitffl)
1392 1200 1444 1272 nil
1560 1225 1561 1230 ¹

336 1318 432 1390 aliud
457 1341 664 1411 essequam
688 1328 829 1390 motum
855 1317 1041 1400 libertatis,
1064 1315 1203 1388 scilieet
1224 1338 1248 1387 a
1263 1339 1444 1408 compres-

336 1435 436 1506 sione
459 1435 504 1504 ad
529 1433 797 1506 relaxationem.
849 1431 997 1505 Etenim
1014 1433 1052 1502 in
1069 1433 1168 1503 omni
1189 1433 1266 1503 sire
1289 1429 1444 1524 amplioi

336 1549 571 1641 protmsione‚
594 1551 668 1621 sire
691 1549 811 1620 volatu
838 1571 903 1642 per
926 1551 1055 1631 adrem,
1081 1570 1153 1620 non
1179 1547 1223 1618 iit
1247 1549 1444 1618 summotio

338 1674 401 1734 aut
419 1663 507 1735 latio
524 1662 655 1747 localis,
672 1675 865 1758 antequam
889 1673 1008 1758 partes
1030 1663 1186 1758 corporis
1210 1671 1446 1756 praeternatn·

338 1777 460 1850 naliter
476 1781 658 1871 patiantur
674 1789 712 1850 et
729 1781 1010 1872 eomprimantur
1025 1779 1072 1851 ab
1088 1777 1310 1872 impellente.
1349 1777 1444 1848 Tum

339 1916 423 1965 vero
439 1895 599 1988 partibus
623 1896 704 1966 aliis
728 1893 815 1966 alias
841 1917 903 1988 per
926 1895 1184 1966 successionem
1202 1893 1444 1976 tradentibus,

339 2009 453 2081 fertur
469 2020 610 2094 totum;
635 2033 703 2081 neo
729 2009 844 2080 solum
870 2009 1140 2104 progrediendo,
1163 2009 1227 2080 sed
1250 2011 1364 2081 etiam
1389 2034 1446 2080 ro-

339 2125 448 2197 tando
465 2124 594 2210 simul;
614 2135 655 2196 ut
672 2127 782 2196 etiam
799 2125 868 2196 hoe
884 2125 993 2196 modo
1009 2135 1127 2217 partes
1143 2147 1183 2195 se
1199 2123 1364 2208 liberare,
1381 2135 1446 2196 aut

339 2241 514 2334 magiter
533 2262 633 2332 aequo
650 2238 802 2311 tolerare
827 2239 972 2331 pomint.
1024 2237 1149 2330 Atque
1175 2239 1222 2310 de
1245 2239 1316 2310 boe
1341 2249 1446 2312 mota

340 2355 524 2426 haetenus.

391 2471 456 2560 (t.)
482 2472 541 2542 Sit
567 2481 686 2544 motus
711 2481 866 2565 quartus
892 2480 1011 2542 motus
1036 2473 1094 2542 cui
1119 2493 1252 2544 nomen
1278 2472 1446 2544 dedimus

340 2598 460 2658 motus
476 2583 622 2682 tytsss:
641 2590 704 2680 qui
718 2599 838 2661 motus
854 2588 1095 2681 antistrophus
1112 2597 1167 2659 est
1178 2589 1446 2681 quodammodo

340 2704 466 2785 motui,
496 2704 542 2775 de
569 2725 641 2795 quo
667 2704 837 2789 diximus,
865 2703 1050 2775 libertatis.
1101 2703 1247 2776 Etenim
1275 2705 1314 2776 in
1341 2715 1446 2777 motu

341 2819 515 2892 libertatis
531 2842 678 2912 corpora
702 2843 834 2891 novum
852 2819 1063 2900 dimensum,
1080 2821 1155 2892 sive
1178 2843 1307 2892 noram
1333 2823 1448 2914 ephte-

341 2957 426 3019 ram,
444 2937 518 3007 sive
540 2957 669 3008 novam
693 2936 939 3007 dilatationem
963 2945 1029 3007 aut
1053 2937 1335 3010 oontmotionem
1353 2937 1447 3031 (hmo

342 3053 438 3123 enim
458 3053 644 3124 verborum
664 3052 815 3123 varietas
833 3050 931 3122 idem
950 3053 1080 3142 innuit)
1101 3053 1305 3136 exhorrent,
1324 3077 1448 3150 respn-

342 3177 419 3252 unt‚
438 3169 590 3263 fugiunt,
608 3177 647 3240 et
663 3165 797 3239 resilire
820 3190 861 3238 ac
879 3175 1035 3238 veterem
1053 3169 1322 3240 consistentiam
1345 3193 1448 3242 recu·

342 3305 466 3378 parare
482 3283 568 3354 totis
584 3283 717 3354 viribus
733 3281 966 3352 contendunt.
991 3280 1046 3353 At
1062 3291 1186 3355 eontra
1202 3286 1240 3355 in
1257 3286 1326 3358 boo
1343 3297 1447 3358 motu

343 3395 448 3494 hylas,
476 3421 622 3492 corpora
650 3419 778 3469 novam
808 3396 979 3490 sphaeram
1007 3400 1082 3470 sive
1109 3399 1311 3472 dimensum
1338 3426 1449 3498 appe·

343 3522 448 3599 tunt;
473 3523 581 3606 atque
598 3515 642 3585 ad
660 3513 748 3585 illud
766 3513 921 3586 libenter
937 3523 975 3586 et
1000 3538 1158 3609 propere,
1175 3526 1215 3589 at
1230 3519 1448 3614 quandoque

381 3715 405 3759 ⁷¹
425 3717 520 3774 Motus
549 3719 651 3776 violens
681 3729 708 3776 et
737 3719 874 3776 neustriis.
914 3720 1080 3778 snbrtsnoes.
1130 3721 1190 3778 'Ibe
1212 3735 1329 3780 seoount
1351 3727 1384 3782 oi
1404 3727 1451 3783 tho

346 3793 390 3850 (li.
403 3813 477 3866 supr.
491 3793 514 3850 l.
527 3795 570 3851 66.
914 3800 1001 3870 origin
1013 3800 1043 3854 oi
1053 3801 1237 3858 Sidertitesis
1252 3820 1270 3857 ι
1280 3805 1391 3860 curibus
1407 3807 1450 3861 in-

381 3871 408 3914 n
427 3873 527 3944 Pura.
582 3873 626 3929 Gi·
656 3893 730 3948 supr.
761 3874 801 3932 11.
831 3891 875 3948 35.
915 3887 1006 3933 mance
1026 3879 1057 3933 oi
1075 3877 1237 3951 dogmatism
1257 3883 1374 3938 without
1396 3903 1450 3958 any

346 3952 421 4022 (noto
433 3951 471 4021 2.)
916 3957 1000 4012 trutb
1029 3957 1342 4030 Soutbay‚'lbslsball.
1355 3965 1450 4034 15η]-

381 4025 407 4070 7³
425 4029 516 4099 ttytes,
534 4029 605 4098 ὕλης.
640 4029 699 4086 'iba
717 4033 834 4104 mpaoity
849 4033 879 4087 oi
917 4035 1452 4113 ludestoasimilsrbelieithstmystals

346 4106 573 4179 expansior-the
584 4108 715 4182 tendsney
727 4111 758 4165 oi
771 4119 875 4175 matter,
917 4132 961 4168 ars
978 4115 1018 4170 ies
1035 4115 1102 4187 long
1120 4116 1282 4186 nongeslod;
1300 4119 1355 4174 end
1367 4121 1397 4175 in
1408 4121 1451 4176 b'n

346 4185 433 4243 under
443 4186 542 4242 certain
557 4187 771 4254 circumstanosa
783 4199 812 4244 to
829 4208 875 4245 eu·
917 4203 993 4248 notes
1006 4203 1099 4266 quotes
1112 4213 1141 4249 ss
1153 4193 1194 4250 bis
1206 4195 1342 4270 autbmity
1349 4199 1450 4256 cimu-

346 4266 471 4337 largeits
489 4263 755 4323 built-ssirtobs
773 4269 875 4323 menia
916 4271 959 4326 lus
979 4271 1134 4330 Isonudus
1154 4274 1183 4328 in
1204 4273 1247 4329 his
1268 4276 1404 4334 “Minor
1422 4279 1454 4335 oi

347 4343 394 4400 tho
413 4361 473 4400 osse
493 4343 524 4398 oi
544 4344 623 4408 lieet,
644 4363 675 4402 or
694 4345 725 4400 oi
742 4347 876 4418 explosive
917 4349 1044 4406 stone?
