3268 5146
628 373 716 438 nra.
738 376 779 440 11.
795 379 849 462 3⁶.
1232 381 1298 443 aaa

194 535 452 609 velocissimus:
490 546 568 608 tum
601 549 698 610 certe
727 540 835 634 recipi
866 539 973 611 debet
1003 548 1123 612 motus
1151 542 1297 614 diurnus

194 675 358 746 provere
376 653 412 723 in
432 652 541 737 coelis,
558 661 596 724 et
612 653 843 749 abnegandus
860 665 915 726 est
931 663 1050 726 motus
1067 665 1188 742 terrae3
1214 660 1298 751 quia

193 768 423 840 manifestum
441 770 519 852 erit,
537 777 676 840 motum
699 770 745 841 ab
769 771 906 842 oriente
926 771 963 841 in
981 771 1200 843 occidentem
1221 794 1297 844 esse

111 875 117 888 '
194 883 299 976 plane
317 886 521 969 cosmicnm,
539 894 578 957 et
603 909 650 958 ex
671 907 843 957 consensu
869 887 1034 970 universi,
1052 888 1124 980 qui,
1141 887 1179 957 in
1203 909 1298 958 sum-

193 1000 380 1072 mitatibus
405 1001 486 1072 ooeli
512 1002 668 1073 maxime
691 1001 843 1094 rapidus,
865 1000 1041 1096 gradatim
1066 999 1233 1074 labascat
1260 1009 1299 1072 et

195 1114 341 1186 tandem
368 1116 516 1200 desinat,
542 1126 580 1187 et
604 1117 837 1212 extinguatur
861 1117 898 1186 in
924 1115 1109 1198 immobili,
1131 1115 1299 1188 videlicet

194 1239 300 1300 terra.

246 1343 429 1429 Similiter,
454 1346 502 1418 sit
527 1356 653 1418 natura
677 1347 855 1440 inquisita,
880 1354 1000 1417 motus
1025 1345 1211 1416 rotationis
1235 1343 1297 1414 ille

194 1460 287 1532 alter
310 1461 404 1555 apud
430 1471 649 1534 astronomos
675 1463 895 1545 decantatas,
911 1463 1069 1533 renitens
1095 1469 1133 1532 et
1158 1470 1297 1532 contra·

194 1577 267 1647 rius
289 1579 403 1648 motui
427 1579 562 1663 diurno,
580 1579 748 1652 videlicet
772 1580 818 1650 ab
844 1578 1030 1650 occidente
1053 1579 1091 1648 in
1109 1580 1296 1663 orientem,

194 1717 302 1787 quem
320 1703 459 1767 veteres
475 1698 667 1767 astronomi
684 1696 886 1768 attribuunt
902 1696 1065 1790 planetis,
1081 1697 1190 1767 etiam
1206 1694 1304 1767 coelo‘

194 1809 358 1898 stellato;
383 1819 422 1881 at
447 1810 675 1904 Gopemicus,
698 1823 736 1885 et
761 1814 837 1905 ejus
862 1821 1064 1897 sectatores,
1082 1821 1184 1883 terrae
1210 1835 1298 1906 quo-

194 1949 287 2019 que;
312 1935 351 1998 et
375 1937 560 2020 quaeratur,
584 1936 705 1999 utrum
731 1931 933 2001 inveniatur
956 1930 994 1999 in
1021 1951 1138 1999 rerum
1168 1937 1296 2000 natura

196 2042 323 2134 aliquis
341 2042 423 2113 talis
444 2052 572 2124 motus,
591 2065 637 2113 an
659 2044 777 2136 potius
799 2065 856 2114 res
878 2043 1030 2114 conficta
1048 2044 1095 2113 sit
1112 2051 1151 2114 et
1167 2065 1297 2136 suppo·

195 2159 274 2242 sita,
290 2159 336 2228 ad
361 2156 571 2250 compendia
595 2166 634 2229 et
659 2157 930 2228 commoditates
955 2157 1241 2242 calculationum,
1259 2169 1297 2230 et

194 2273 240 2343 ad
274 2271 463 2365 pulchrum
495 2271 595 2353 illud,
626 2272 762 2343 scilicet
796 2273 840 2345 de
875 2273 1106 2368 expediendis
1140 2274 1297 2345 motibus

195 2387 398 2459 coelestibus
431 2411 495 2481 per
523 2388 673 2460 circulos
706 2389 892 2482 perfectos.
944 2391 1165 2483 Neutiquam
1199 2391 1296 2460 enim

195 2506 372 2576 evincitur
400 2505 467 2575 iste
493 2514 611 2576 motus
642 2527 718 2576 esse
744 2507 781 2576 in
811 2508 970 2601 supernis
986 2529 1090 2578 serus
1115 2515 1154 2578 et
1182 2504 1296 2590 realis,

195 2645 263 2693 nec
278 2643 343 2716 per
359 2621 540 2692 defectum
557 2622 795 2693 restitutionis
817 2623 969 2717 planetae
992 2625 1027 2693 in
1050 2633 1152 2694 motu
1170 2625 1297 2694 diurno

195 2739 241 2810 od
258 2738 355 2810 idem
371 2746 545 2831 punctum
563 2737 643 2809 cccli
667 2738 810 2822 stellati,
828 2762 894 2811 nec
919 2763 984 2834 per
1008 2741 1184 2811 diversam
1210 2738 1298 2832 poli·

195 2862 311 2925 tatem
337 2854 485 2938 zodiaci,
509 2854 632 2925 habito
662 2864 825 2948 respectu
850 2857 895 2926 ad
921 2855 1021 2948 polos
1045 2855 1192 2938 mundi3
1217 2876 1298 2946 qnae

196 2971 269 3042 duo
296 2971 398 3041 nobis
427 2969 522 3041 hunc
555 2980 694 3041 motum
728 2979 952 3065 pepererunt.
1008 2971 1171 3040 Primum
1200 2969 1299 3039 enim

196 3087 452 3180 phenomenon
484 3109 545 3180 per
573 3087 856 3158 antecessionem
882 3095 920 3157 et
941 3085 1211 3156 derelictionem
1237 3107 1300 3177 op-

196 3204 285 3274 time
308 3202 485 3286 salvatum
510 3203 704 3273 secundum
731 3224 795 3295 per
817 3201 929 3274 lineas
954 3200 1121 3297 spinales3
1145 3201 1236 3272 adeo
1257 3207 1300 3270 ut

195 3319 415 3412 inequalitas
430 3318 677 3400 restitutionis,
694 3326 733 3389 et
755 3316 948 3390 declinatio
970 3320 1016 3391 ad
1039 3319 1203 3411 tropicos,
1224 3337 1301 3408 pos·

196 3435 269 3506 sint
282 3457 358 3506 esse
374 3433 494 3527 potius
511 3431 791 3502 modificationes
807 3442 928 3504 motus
945 3432 1041 3504 unici
1060 3431 1156 3502 illius
1169 3430 1298 3513 diurni,

195 3572 305 3643 qnam
329 3558 448 3620 motus
474 3549 679 3630 renitentes,
703 3556 767 3619 aut
792 3547 885 3619 circa
907 3550 1063 3621 diversos
1087 3547 1197 3641 polos.
1248 3543 1300 3618 Et

196 3666 432 3736 certissimum
463 3673 529 3746 est,
559 3663 588 3732 si
619 3662 800 3757 paulisper
827 3686 891 3756 pro
920 3665 1068 3758 plebeiis
1102 3686 1165 3734 noe
1198 3686 1298 3759 gera·

196 3777 322 3864 mnam,
358 3779 487 3869 (missis
520 3790 801 3849 astronomorum
839 3789 878 3852 et
915 3780 1043 3852 scholoe
1076 3779 1297 3862 commentis,

195 3897 325 3989 quibus
346 3895 435 3966 illud
459 3896 497 3965 in
520 3915 619 3964 more
642 3903 707 3978 est,
724 3906 765 3966 ut
786 3898 905 3969 sensui
923 3898 960 3968 in
977 3897 1100 3969 multis
1117 3897 1298 3968 immerito

191 4149 288 4222 placed
300 4149 346 4204 the
358 4154 377 4180 “
386 4149 479 4221 story
492 4147 647 4204 sevana?
683 4148 728 4204 Hs
806 4145 830 4187 ¹²
840 4146 907 4202 'l'his
918 4147 996 4202 loolrs
1008 4163 1071 4217 very
1082 4145 1135 4200 like
1153 4160 1188 4198 an
1205 4144 1301 4216 appeal

195 4229 253 4284 also
265 4227 367 4284 divides
380 4229 421 4298 (in
435 4227 593 4282 connection
605 4227 669 4283 with
682 4227 728 4282 the
768 4235 796 4281 to
819 4225 866 4281 the
889 4227 984 4296 vulgar
1007 4223 1061 4278 and
1083 4223 1129 4278 the
1147 4221 1300 4278 unassistd

196 4325 270 4363 same
293 4307 398 4379 theory)
419 4305 528 4361 Cometa
553 4306 610 4361 into
633 4306 728 4378 higher
768 4322 868 4360 sensas.
893 4304 948 4358 Arc
960 4302 1035 4358 these
1046 4311 1094 4358 not
1107 4298 1184 4355 Idola
1195 4317 1224 4354 as
1236 4298 1300 4354 latui

196 4385 250 4440 and
262 4387 350 4441 lover.
387 4383 450 4455 (See
462 4383 555 4448 below,
568 4393 631 4439 note
644 4387 699 4454 ao.)
768 4401 797 4438 aa
809 4401 862 4454 any
874 4381 909 4436 he
920 4381 970 4436 hu
982 4379 1090 4451 pointed
1102 4380 1167 4433 out?

798 4494 860 4542 122
