3078 5180
305 223 347 286 14
632 228 806 293 NOVUM
828 229 1077 296 ORGANUM.

304 399 343 462 et
364 399 445 483 post
465 413 608 484 pervum
629 415 764 464 morum
786 393 923 466 fastidit
939 395 1223 488 expatiantium:
1249 399 1311 468 sed
1328 397 1403 470 haec

303 503 398 574 male
420 505 564 576 demum
588 517 694 580 aucte
715 519 799 580 sunt
818 532 840 579 a
857 509 1044 581 dialectice
1061 512 1107 583 ob
1125 534 1273 606 pompus
1289 513 1404 608 dispu-

304 621 480 692 tationum
492 619 529 692 ¹⁸.

800 723 911 795 XXI.

354 839 566 912 Intellectus
590 839 656 910 sibi
683 841 884 932 permissus,
906 843 944 912 in
970 843 1115 936 ingenio
1141 843 1259 914 sobrio
1285 856 1322 915 et
1346 868 1405 938 pe·

303 955 417 1028 tiente
442 967 481 1027 et
506 959 615 1050 gravi,
634 953 842 1049 (presertim
868 958 897 1028 si
920 981 941 1028 a
965 958 1134 1030 doctrinis
1157 961 1311 1052 receptis
1335 983 1403 1032 non

302 1071 544 1165 impediatur)
569 1081 686 1143 tentat
711 1071 869 1142 nonnihil
898 1073 994 1144 Illam
1020 1074 1169 1146 alteram
1198 1077 1303 1158 viem,
1329 1101 1405 1170 quae

302 1196 490 1270 recteest,
516 1189 577 1259 scd
606 1189 738 1282 exiguo
764 1189 948 1281 profectu3
985 1214 1066 1260 cum
1094 1191 1314 1272 intellectus,
1340 1195 1404 1264 nisi

302 1312 446 1396 regatur
462 1315 501 1376 et
512 1305 668 1396 juvetur,
683 1328 738 1374 res
756 1306 936 1396 inaequalis
953 1307 1009 1390 sit,
1024 1317 1062 1378 et
1078 1307 1225 1378 ornnino
1241 1309 1405 1382 inhabilis

301 1419 345 1490 ed
364 1421 596 1512 superandam
616 1442 732 1490 rerum
752 1421 1018 1492 obscuritatem.

785 1573 917 1646 XXII.

319 1745 321 1750 Α
353 1679 514 1774 Utraque
533 1682 588 1752 via
605 1683 743 1753 orditur
762 1705 784 1751 s
805 1705 910 1753 sensu
933 1693 972 1754 et
996 1684 1276 1775 particularibus,
1295 1697 1334 1756 et
1349 1711 1404 1759 ac·

302 1799 451 1890 quiescit
474 1799 512 1868 iu
536 1799 692 1868 maxime
714 1799 959 1892 generalibus:
987 1801 1047 1870 sed
1072 1800 1286 1871 immensum
1306 1805 1405 1894 quid-

301 1915 382 1986 darn
401 1914 623 2006 discrepare
651 1937 732 1984 curn
757 1913 870 1985 alters
893 1917 1107 2010 perstringat
1132 1927 1273 1987 tantum
1298 1943 1404 2012 expe·

300 2031 465 2103 rientiam
492 2040 530 2101 ct
556 2029 780 2121 particularia
807 2031 957 2113 cursim;
995 2032 1107 2103 alters
1139 2033 1175 2102 in
1204 2035 1247 2104 iis
1274 2037 1343 2106 rite
1367 2047 1404 2107 et

299 2149 422 2218 ordIne
445 2157 624 2219 versetur:
654 2147 766 2218 altera
791 2170 911 2218 rursus
930 2149 1005 2240 jam
1032 2172 1053 2218 a
1078 2150 1249 2242 principio
1275 2155 1403 2224 consti-

300 2268 380 2329 tuet
409 2257 588 2353 generalis
617 2261 774 2350 quaedam
810 2261 987 2330 abstractu
1017 2271 1058 2330 et
1092 2263 1254 2346 inutilia;
1293 2265 1403 2337 altera

299 2375 471 2468 gradatim
497 2384 664 2468 exsurgat
686 2376 729 2447 ad
755 2399 797 2448 ee
818 2400 898 2470 quae
924 2397 1047 2447 revera
1072 2388 1210 2449 naturae
1235 2392 1403 2452 suntne

300 2491 390 2562 tiore
401 2488 439 2560 ¹⁹.

774 2591 925 2662 XXIII.

361 2707 448 2779 Non
474 2708 553 2779 leve
579 2710 747 2801 quiddam
777 2711 926 2780 interest
956 2711 1050 2780 inter
1077 2711 1240 2781 humsnae
1270 2715 1400 2784 mentis

300 2821 437 2908 idolam,
455 2835 494 2897 et
510 2825 641 2898 divInae
661 2828 792 2898 mentis
810 2827 908 2898 ideas
917 2823 966 2910 21;
993 2827 1059 2897 hoc
1077 2838 1142 2908 est,
1160 2829 1256 2900 inter
1272 2830 1399 2923 placito

298 3010 408 3072 tatione,
421 3009 488 3063 such
500 3027 529 3062 as
542 3007 617 3064 those
629 3007 660 3062 οἱ
669 3007 714 3062 the
723 3007 828 3078 Neptu·
869 3007 967 3062 above:
984 3013 1001 3037 “
1012 3025 1072 3079 quae
1084 3009 1163 3062 rebus
1175 3009 1294 3066 haereant
1305 3013 1334 3066 iu
1346 3031 1399 3067 rne-

296 3088 360 3144 nicn
377 3087 430 3142 und
443 3088 591 3143 Vulcenieu
610 3087 723 3142 theories
738 3087 768 3141 in
783 3087 828 3142 the
869 3084 979 3139 dullis.”
1010 3085 1096 3139 'lhere
1109 3085 1264 3143 willhotho
1277 3088 1399 3144 “divine

295 3168 388 3222 earlier
412 3167 522 3238 History
546 3166 576 3220 ol
598 3165 726 3237 Gcology.
769 3165 828 3220 'lhe
868 3164 965 3218 mentis
977 3163 1062 3218 ideae”
1074 3163 1105 3218 oi
1114 3165 1159 3220 the
1171 3176 1235 3221 next
1245 3167 1398 3238 Aphorism,

295 3245 435 3301 ennam
448 3245 478 3300 oi
488 3243 639 3315 suspended
648 3243 827 3315 judgment—
867 3242 955 3297 which
973 3260 1045 3297 seem
1063 3245 1119 3298 also
1137 3253 1165 3300 to
1184 3245 1217 3300 he
1236 3245 1283 3300 the
1302 3247 1398 3310 Forsan,

295 3321 377 3395 being
393 3335 438 3378 too
454 3324 499 3378 the
511 3323 651 3377 weariness
667 3323 697 3376 os
711 3323 827 3394 thought
867 3319 898 3374 οἱ
913 3319 1000 3375 which
1018 3337 1056 3374 we
1074 3321 1142 3375 shall
1159 3321 1223 3376 henr
1241 3323 1323 3378 much
1342 3343 1398 3396 pre·

295 3401 404 3456 -leeda
420 3419 453 3455 us
469 3401 525 3455 into
541 3417 621 3470 grave
636 3416 731 3454 erroro.
769 3401 826 3455 No·
867 3399 962 3469 ssntly.

296 3477 375 3550 thing
395 3496 426 3532 ao
446 3478 529 3532 much
550 3477 635 3531 shows
656 3477 714 3532 that
735 3478 826 3534 Msn’s
904 3474 1032 3531 ²⁰1dolu.
1072 3475 1183 3542 Elinia,
1205 3479 1349 3550 phantom
1369 3499 1399 3537 or

296 3557 350 3610 rcel
363 3556 435 3627 good
447 3555 511 3610 does
523 3564 569 3610 sot
579 3557 613 3610 lie
625 3557 652 3610 iu
664 3557 765 3628 θεωρία,
778 3557 828 3611 but
869 3562 994 3623 specim,
1007 3563 1055 3607 1¹⁰²
1067 3560 1084 3584 “
1093 3553 1182 3609 idol⁸'’
1196 3557 1223 3610 ln
1238 3575 1289 3611 our
1306 3577 1395 3613 aenae:

295 3633 324 3687 in
341 3633 387 3687 the
408 3636 490 3688 moral
509 3633 591 3687 world
610 3633 640 3688 oi
655 3635 756 3688 actions
774 3634 827 3688 and
870 3631 1334 3704 “irreges”asbearinghothsenscs
1341 3654 1397 3708 per·

294 3711 415 3782 feelings.
869 3711 935 3780 haps
944 3727 1033 3766 comes
1042 3729 1106 3766 near
1114 3711 1159 3766 the
1170 3713 1306 3784 meaning.
1333 3713 1396 3768 flu-

337 3788 362 3828 ¹⁸
391 3793 410 3820 ⁴⁸
428 3789 538 3858 Pompe
582 3787 826 3858 disputationum.”
867 3789 931 3851 lum,
944 3788 995 3843 lit.
1009 3789 1039 3843 ol
1046 3789 1160 3860 Europe,
1170 3789 1234 3844 Part
1248 3791 1302 3856 Ill,
1313 3793 1396 3864 Chsp.

296 3866 444 3922 Scholastic
465 3865 518 3920 and
539 3866 633 3922 formu
654 3869 825 3923 Discussionr
867 3868 980 3935 iii.§6o‚
989 3870 1090 3923 attacks
1099 3869 1144 3923 the
1152 3871 1311 3924 translation
1320 3871 1397 3934 tuot,

294 3961 370 4016 upon
388 3943 467 4013 given
478 3942 589 4005 Theseu,
601 3945 677 3998 relIcs
695 3945 726 3999 oi
738 3945 825 4000 which
867 3945 953 3999 which
961 3945 1076 4016 Plsyisir
1084 3945 1137 3999 hed
1147 3947 1303 4000 sanctioned
1315 3947 1345 4001 in
1354 3947 1396 4002 the

294 4023 348 4078 still
361 4023 476 4076 survive.
868 4023 980 4077 Dissert.
991 4023 1113 4095 (Encycl.
1125 4023 1191 4078 Brit.
1202 4041 1229 4094 p.
1237 4027 1313 4096 455.)
1327 4025 1397 4080 “the

332 4100 356 4140 ¹⁰
373 4099 506 4154 “Naturae
518 4097 650 4155 notiom.”
675 4101 825 4155 Aristotle’a
866 4100 930 4154 Inlue
949 4099 1081 4156 diriuities
1101 4111 1129 4155 to
1149 4100 1235 4156 which
1257 4103 1303 4157 the
1325 4102 1396 4158 mind

291 4177 698 4254 φύσαῷπλῶςηνωριμώτερα.
724 4178 825 4233 etrus
866 4177 919 4233 hed
943 4195 974 4233 so
997 4181 1062 4250 long
1085 4181 1151 4236 been
1175 4182 1348 4237 uceuutomed
1370 4187 1397 4236 to

291 4267 351 4333 pert
380 4258 411 4312 ol
432 4255 479 4310 the
506 4259 523 4284 ‘⁴
536 4253 721 4310 Distributio”
745 4257 823 4327 giren
865 4255 954 4312 bow.''
1004 4257 1036 4312 In
1066 4259 1111 4313 the
1140 4258 1343 4316 Advuucemcnt
1372 4261 1400 4314 ol
