3156 5176
611 350 701 416 LIB.
720 349 766 416 11.
782 371 834 436 50.
1211 305 1278 417 ull

172 515 310 588 sionem
337 535 460 586 eorum
485 536 565 607 quae
592 514 795 606 impediunt
823 523 861 586 et
886 513 1106 587 disturbant:
1133 514 1191 587 vel
1214 538 1279 609 per

172 632 461 728 compressiones,
483 631 720 715 extensiones,
745 632 970 726 agitationes,
988 642 1029 704 et
1053 632 1277 725 hujusmodi:

172 748 231 820 vel
247 771 312 843 per
327 747 484 820 calorem
500 756 540 820 et
556 747 686 843 frigus:
711 747 769 820 vel
791 771 856 841 per
878 771 1014 820 morum
1037 749 1075 819 in
1096 747 1176 822 loco
1193 771 1279 822 con-

173 865 353 937 venienti:
380 864 437 936 vel
463 886 527 958 per
549 864 698 936 frenum
724 873 763 936 et
787 865 949 959 regimen
974 874 1113 937 motus:
1140 864 1198 936 rel
1214 889 1279 960 per

173 1003 366 1054 consensus
391 979 582 1074 speciales:
609 979 668 1052 rel
697 1003 762 1074 per
789 980 1064 1053 alternationem
1095 982 1280 1075 tempesti-

174 1121 256 1169 vam
273 1106 312 1169 et
328 1097 505 1170 debitum:
532 1105 641 1190 etque
658 1097 786 1168 seriem
811 1105 849 1170 et
874 1099 1133 1172 successionem
1150 1099 1278 1172 horum

174 1215 347 1298 omnium,
364 1223 429 1285 sut
444 1211 572 1286 saltem
588 1212 839 1285 nonnullorum
858 1237 905 1285 ex
920 1213 1003 1286 illis.

227 1328 295 1420 (1.)
319 1327 383 1401 Ad
400 1331 555 1424 primum
575 1329 686 1425 igitur
702 1330 799 1422 quod
817 1332 970 1415 attinet3
995 1331 1055 1402 ιὲι
1070 1332 1280 1416 communis,

176 1447 239 1540 qni
255 1446 414 1540 undique
434 1455 561 1540 praesto
584 1455 640 1516 est
662 1454 701 1518 et
723 1469 761 1518 se
784 1447 926 1540 ingerit,
944 1455 1052 1541 etque
1069 1449 1159 1520 redii
1176 1447 1282 1520 coele-

176 1567 296 1648 stium,
310 1563 464 1636 multum
483 1563 638 1636 turbent.
689 1563 780 1647 Quae
795 1565 919 1657 itsque
935 1566 980 1638 od
998 1565 1141 1636 illorum
1160 1566 1281 1638 exclu-

177 1682 315 1755 sionem
337 1681 483 1764 isciunt,
500 1681 629 1752 merito
655 1680 777 1753 heberi
803 1681 939 1774 possint
963 1704 1028 1774 pro
1040 1678 1281 1778 polychrcstis.

180 1796 265 1868 Huc
281 1795 392 1890 igitur
406 1795 588 1889 pertinent
605 1796 771 1868 materies
793 1805 833 1868 et
855 1797 1031 1868 crassities
1049 1819 1225 1881 vasorum,
1242 1799 1281 1868 in

178 1912 308 2005 quibus
324 1933 471 2004 corpore
492 1911 538 1982 ed
560 1911 804 2004 operationem
829 1921 1023 2005 praepnrsts
1047 1921 1280 2005 reponuntur.

180 2026 355 2100 Similiter
376 2026 474 2098 modi
497 2027 652 2098 accurati
673 2026 908 2100 obturationis
925 2050 1101 2112 vesorum,
1118 2051 1183 2122 per
1199 2051 1283 2100 con-

180 2142 442 2226 solidetionem,
466 2152 505 2216 et
533 2140 641 2214 latrem
669 2142 850 2238 sapientise
858 2139 883 2228 ⁹,
909 2152 950 2214 ut
977 2143 1174 2236 loquuntur
1200 2143 1283 2215 ohe-

179 2262 274 2334 mici.
312 2257 433 2333 Etiam
450 2258 612 2334 clausuro
628 2283 691 2354 per
708 2259 862 2353 liquores
878 2261 914 2331 in
933 2261 1079 2332 extimis
1095 2260 1284 2334 utilissime

179 2399 237 2450 res
266 2387 341 2449 est:
366 2385 408 2447 ut
438 2397 521 2448 cum
550 2374 747 2447 infundunt
776 2375 897 2448 oleum
930 2399 1037 2470 super
1064 2377 1188 2446 vinum
1218 2385 1283 2446 aut

180 2515 304 2566 succos
323 2493 535 2578 herborum3
560 2493 655 2585 quod
680 2493 916 2587 expendendo
943 2515 981 2564 se
1009 2494 1048 2564 in
1075 2493 1283 2564 summitate

180 2613 293 2684 instet
321 2609 489 2705 operculi,
520 2611 656 2705 optime
685 2633 729 2682 es
757 2617 943 2682 conservet
975 2609 1085 2682 illaesn
1116 2608 1162 2680 ob
1191 2611 1281 2680 sere.

167 2725 315 2820 -Neqne
340 2725 504 2821 pulveres
529 2748 584 2798 res
612 2725 718 2799 mslae
748 2735 851 2811 suut;
877 2727 938 2820 qui
964 2725 1051 2799 licet
1077 2727 1286 2800 contineant

182 2845 300 2917 s'e'rem
327 2844 547 2936 permistum,
566 2851 688 2915 tamen
711 2843 785 2914 vim
812 2843 902 2916 ceris
929 2843 1127 2916 coacervati
1154 2851 1193 2914 et
1220 2842 1286 2914 cir·

182 2961 337 3034 cumfusi
366 2955 546 3042 creent¹⁰;
571 2968 613 3030 nt
639 2959 683 3029 fit
712 2960 751 3029 in
776 2960 1046 3032 conservatione
1070 2980 1220 3028 uvarum
1247 2966 1286 3030 et

181 3077 366 3148 fructuum
387 3076 483 3146 ints-n
505 3096 660 3158 erenum,
678 3083 716 3146 et
733 3075 895 3146 ferinum.
946 3073 1069 3147 Etiam
1094 3095 1185 3157 cern,
1202 3071 1286 3156 mel,

183 3195 260 3288 pix,
276 3201 314 3266 et
330 3191 533 3285 hujusmodi
550 3191 698 3272 tenucla,
716 3201 815 3263 recte
831 3191 1061 3262 obducuntur
1082 3191 1130 3262 nd
1149 3189 1288 3262 eleusu-

182 3333 258 3383 ram
276 3309 536 3406 perfectiorem,
553 3309 655 3381 etad
672 3308 973 3380 summovendum
992 3309 1110 3380 esrem
1128 3316 1167 3379 et
1183 3305 1290 3378 coele·

183 3429 262 3501 stis.
316 3425 436 3498 Etiam
469 3448 535 3498 nos
564 3428 852 3520 experimentum
882 3425 1097 3519 quandoque
1127 3423 1290 3506 fecimus,

183 3542 353 3636 ponendo
368 3564 438 3623 res,
455 3563 596 3613 necnon
622 3541 744 3635 alique
767 3539 838 3613 sliu
865 3563 1023 3633 corpora,
1046 3541 1142 3612 intre
1166 3561 1291 3634 orgen-

185 3668 265 3730 tum
283 3659 415 3740 nrum,
432 3656 528 3749 quod
557 3658 718 3729 omnium
748 3657 869 3752 longe·
886 3657 1137 3730 densissimum
1162 3665 1218 3729 est
1244 3677 1291 3728 ex

184 3776 228 3848 iis
257 3799 335 3868 qnae
369 3773 608 3846 circumfundi
641 3783 801 3868 possunt.
854 3773 1064 3859 Quinetiam
1097 3797 1224 3868 specus
1252 3784 1292 3846 et

184 3915 344 3964 coverne
360 3891 600 3964 subterraneus
616 3891 737 3988 magni
756 3912 840 3962 usus
863 3900 947 3964 sunt
967 3892 1014 3964 nd
1030 3891 1292 3986 prohibendum

185 4007 433 4081 insolationem
463 4016 502 4078 et
531 4009 652 4080 cerem
681 4009 793 4080 istum
823 4015 990 4102 opertum
1019 4008 1293 4103 praedstorium3

220 4245 718 4316 ⁹1mmrapientsae,oeomposition
759 4245 949 4316 hermeticnlly.

186 4323 253 4380 need
271 4333 300 4380 tc
318 4325 372 4380 secl
389 4323 436 4380 the
452 4321 555 4380 emices
573 4322 604 4379 oi
619 4325 719 4381 vessels
798 4321 878 4384 ¹⁰Ci.
891 4341 966 4396 supr.
980 4319 1072 4392 1148.
1085 4319 1211 4391 (notes.)
