3268 5146
333 305 400 370 alo
666 300 840 368 Novum
864 299 1112 368 ORGANUM.

335 471 459 564 Atque
483 489 530 540 ex
556 467 625 540 isto
651 463 829 561 nampulo
853 466 963 536 trium
990 466 1251 550 instantiarum,
1273 465 1442 538 videlieet

335 585 480 670 ordinis,
498 583 656 656 locorum
677 581 870 654 artificialis
892 582 1088 667 memoriae,
1103 590 1145 654 et
1161 605 1339 666 versuum,
1356 604 1442 654 oon·

333 704 496 776 stituitur
526 700 660 794 speeies
692 721 765 772 uns
792 698 915 772 auxilii
949 699 1244 772 admemoriam.
1296 697 1442 792 Species

332 827 454 892 autem
479 816 551 900 illa,
568 813 732 888 obscuro
752 811 887 909 infiniti
909 823 1007 888 reete
1030 815 1148 886 rooari
1175 815 1295 908 possit.
1347 812 1441 886 Cum

332 935 429 1006 enim
443 933 525 1026 quis
542 931 676 1024 aliquid
694 931 871 1002 reminisci
893 937 958 1003 aut
982 953 1147 1004 rerooaro
1171 932 1209 1004 in
1228 931 1441 1002 memoriam

331 1053 482 1131 nititur;
507 1049 537 1120 si
563 1047 699 1120 nuliam
724 1047 978 1140 praenotionem
1002 1046 1134 1118 habeat
1157 1055 1222 1120 aut
1242 1048 1441 1142 pereeptio·

331 1191 416 1240 nem
442 1168 517 1260 ejus
542 1165 639 1258 quod
665 1164 799 1257 qumrit,
818 1165 944 1256 quaerit
959 1173 1060 1236 uerte
1081 1171 1120 1236 et
1141 1163 1299 1246 molitur,
1317 1172 1355 1234 et
1372 1162 1440 1234 hae

331 1285 415 1358 ilino
441 1275 616 1365 discurrit,
644 1289 813 1374 tauquam
845 1283 883 1350 iu
908 1280 1060 1352 infinito.
1111 1279 1219 1366 Quod
1246 1281 1277 1352 si
1304 1290 1439 1352 eertum

330 1400 487 1492 aliquam
511 1399 766 1493 praenotionem
792 1397 933 1480 habeut,
960 1398 1082 1468 statim
1107 1396 1328 1468 abscinditur
1360 1396 1440 1468 inti·

331 1518 461 1601 uitum,
480 1524 518 1588 et
541 1515 584 1586 fit
611 1514 788 1586 discursus
810 1513 989 1584 memorius
1012 1513 1126 1606 magis
1150 1513 1189 1586 iu
1214 1515 1341 1586 ricino.
1393 1513 1439 1600 In

330 1633 445 1706 tribus
471 1639 593 1704 sutem
621 1631 691 1702 illis
718 1629 907 1712 instantiis,
924 1651 1004 1722 quse
1029 1629 1191 1721 superins
1215 1629 1319 1702 diets
1344 1639 1438 1713 suut.

330 1748 501 1843 prauotio
528 1749 714 1840 perspicus
740 1754 797 1818 est
826 1755 866 1818 st
896 1753 1004 1818 certa
1056 1743 1102 1816 Iu
1129 1746 1244 1838 prium
1270 1745 1439 1820 videficet

330 1866 440 1938 debet
475 1887 551 1938 esso
586 1863 731 1956 aliquid.
758 1863 857 1956 quud
890 1871 1063 1956 oongruut
1094 1881 1179 1934 oum
1212 1861 1360 1934 ordina:
1398 1865 1438 1936 in

329 1982 486 2056 sauunda
514 1981 624 2054 debet
653 2002 731 2054 esse
764 1980 893 2074 imago,
924 1999 1003 2071 qun
1036 1977 1248 2050 relationem
1278 1978 1438 2072 aliquam

329 2100 472 2182 habeat.
488 2100 564 2170 siro
580 2097 868 2170 oonreniautinm
887 2097 932 2170 sd
956 2095 1019 2168 ilia
1035 2097 1114 2168 loos
1128 2105 1247 2170 cera:
1274 2097 1310 2170 in
1329 2099 1438 2170 tertis

330 2214 465 2286 debent
491 2236 568 2286 esse
587 2214 704 2299 verba,
723 2236 801 2306 quae
828 2213 957 2284 endunt
981 2215 1018 2284 iu
1037 2235 1188 2284 versum.
1240 2210 1365 2306 Atque
1384 2213 1438 2288 itu

329 2331 549 2404 abscinditur
575 2329 767 2400 infinitum.
819 2327 874 2424 (2)
899 2327 992 2400 Alie
1018 2339 1141 2402 autem
1167 2328 1347 2400 inmautiae
1372 2328 1437 2400 dn·

329 2447 420 2518 bunt
437 2447 529 2518 hano
546 2445 696 2518 aiteram
713 2445 891 2538 speciem3
915 2453 958 2516 ut
971 2445 1140 2538 quioquid
1157 2445 1314 2518 deducat
1329 2445 1438 2518 intel·

329 2561 484 2634 teotonis
502 2562 549 2634 ad
567 2561 767 2634 feriendum
791 2583 935 2636 sensum
951 2562 1046 2654 (qum
1068 2562 1159 2634 ratio
1183 2562 1293 2634 etiam
1316 2562 1438 2654 praeoi·

328 2701 399 2771 pue
434 2680 532 2772 riget
570 2679 609 2750 in
648 2677 821 2750 artificiali
861 2679 1046 2772 memoris)
1073 2680 1180 2772 juret
1212 2678 1433 2751 memoriam.

329 2795 384 2889 (8)
402 2793 497 2868 Aliae
522 2795 699 2866 instantiae
726 2795 866 2866 dabrmt
892 2795 984 2868 hano
1013 2795 1164 2868 alterum
1190 2797 1367 2889 speciem
1392 2804 1436 2870 ut

328 2935 406 3005 qum
429 2912 565 2984 iaciunt
589 2911 857 3004 impressionem
882 2913 920 2984 iu
945 2911 1077 2986 affeetu
1103 2913 1197 2996 forti.
1222 2912 1436 2986 inuutientis

328 3027 464 3100 scilieet
480 3036 630 3111 metum,
647 3028 931 3113 admirationem,
948 3031 1131 3123 pudorem,
1146 3027 1434 3114 delectationem,

321 3145 450 3238 jurent
479 3145 700 3216 memorium.
752 3146 806 3239 (t)
830 3143 922 3217 Alie
955 3146 1133 3218 instantior
1165 3145 1308 3218 dabunt
1340 3146 1434 3218 hano

327 3259 477 3332 alteram
494 3260 714 3354 spectemus
732 3283 815 3353 quae
831 3263 988 3336 maxims
1005 3263 1260 3355 imprimuntur
1274 3285 1296 3336 a
1312 3270 1436 3336 mento

327 3399 425 3470 pura,
442 3385 481 3449 et
498 3378 617 3448 minin
634 3385 880 3470 praeoooupata
904 3387 989 3450 ante
1011 3377 1068 3450 vel
1094 3387 1196 3470 post;
1221 3377 1435 3470 velutique

327 3495 512 3566 discuntur
528 3494 566 3564 iu
583 3495 746 3586 pueritia,
764 3503 828 3566 snt
842 3517 923 3586 qun
938 3503 1224 3566 commentamur
1240 3503 1325 3566 anto
1339 3515 1436 3566 som-

327 3609 547 3694 aumatium
564 3609 691 3701 primae
703 3632 857 3702 quaeque
874 3631 992 3682 rerum
1005 3610 1119 3695 vioss;
1143 3611 1258 3706 magis
1273 3611 1436 3684 hereret

326 3727 365 3798 in
385 3724 567 3796 memoris.
619 3723 673 3820 (5)
692 3723 785 3798 Alie
806 3725 982 3800 insuaue
1005 3727 1142 3798 dabunt
1167 3727 1258 3800 hano
1283 3726 1435 3800 alteram

327 3843 492 3936 speeiem,
510 3849 553 3912 ut
572 3839 769 3914 multitudo
786 3842 1235 3926 emmerammum
1254 3865 1433 3925 amanum,

320 3960 427 4052 juret
443 3957 672 4045 memoriam
699 3957 811 4030 veluti
828 3961 974 4054 scriptio
998 3983 1063 4055 per
1084 3968 1202 4054 partos
1225 3983 1298 4033 uon
1318 3961 1435 4032 couti-

327 4085 473 4158 nuutas3
499 4072 617 4158 lectio,
634 4075 708 4146 sira
725 4076 887 4148 recitatio
905 4100 991 4149 vona
1014 4075 1098 4150 ulta.
1151 4077 1205 4174 (6)
1223 4075 1316 4148 Aria
1333 4077 1435 4148 deni-

326 4217 397 4288 qoo
423 4193 601 4264 iustuntioe
626 4193 764 4266 dabunt
790 4191 882 4266 huno
907 4194 1058 4268 alteram
1081 4196 1256 4290 speciem.
1282 4203 1324 4267 ut
1348 4218 1433 4288 qnae

326 4315 589 4406 exspectantur,
607 4318 646 4381 ot
668 4311 907 4384 attentionem
924 4313 1094 4398 excitant,
1114 4309 1242 4386 melius
1258 4313 1432 4399 haereant,
