3222 5148
581 347 670 412 nm.
694 347 721 412 1.
739 365 792 434 97,
809 348 860 434 9a.
1230 353 1271 416 so

163 509 216 580 ite
242 509 416 602 loquutus
441 521 516 584 est:
541 510 617 586 Nos
642 524 731 588 certo
755 516 860 587 citum
887 511 1063 586 mortalem
1090 538 1161 588 οοο
1185 517 1273 589 civi·

163 647 266 713 maa,·
291 625 354 698 red
369 627 408 698 io
423 625 488 701 Ιιοο
502 632 722 714 carisomus,
741 640 779 703 ut
795 631 982 727 posteritas
1004 629 1045 703 de
1068 629 1165 704 cobis
1184 657 1273 728 por-

163 751 259 814 tento
283 753 405 816 narret
433 755 465 817 et
490 746 678 841 prcede‘oet:
706 749 852 842 perinde
876 771 919 819 ac
944 748 974 819 si
991 746 1189 820 Alexandri
1215 773 1272 824 ras

161 869 283 954 gestas
298 883 363 954 pro
380 863 551 934 miraculo
568 865 760 936 habuisset.

214 975 271 1046 At
287 977 370 1048 aevis
387 981 616 1071 sequentibus
626 982 727 1053 Titus
741 981 866 1052 Livius
882 980 1011 1052 melius
1027 1003 1102 1052 rem
1116 983 1271 1056 advertit

162 1099 203 1162 et
219 1092 445 1186 introspexit,
458 1105 567 1188 atque
584 1097 630 1167 de
643 1094 852 1169 Alexandro
868 1097 1072 1189 hujusmodi
1089 1100 1270 1193 quippiam

162 1205 311 1279 dixit¹⁹:
336 1207 430 1280 Eum
454 1234 524 1283 ooo
548 1210 764 1308 alicuiquam
783 1211 863 1284 berte
880 1235 1002 1284 aueum
1019 1237 1109 1285 onoc
1125 1224 1271 1287 oontem-

161 1347 257 1396 oere.
307 1323 431 1419 Atque
460 1328 577 1400 simile
606 1331 716 1400 etiam
743 1331 788 1401 de
814 1331 917 1401 nobis
938 1331 1115 1422 judicium
1141 1332 1271 1405 futuris

162 1442 387 1535 temporibus
403 1444 538 1516 factum
554 1447 597 1516 iri
615 1447 879 1518 existimamus:
906 1445 981 1518 Noa
1004 1446 1059 1519 nil
1079 1450 1197 1546 mopni
1208 1448 1271 1546 se·

162 1558 273 1638 cicae:
297 1557 359 1630 aed
374 1568 506 1632 motum
524 1585 575 1644 οο,
593 1585 670 1657 que
684 1585 756 1658 pro
772 1564 906 1660 mopoia
928 1561 1104 1647 habetor,
1121 1564 1270 1638 minoris

149 1671 294 1770 secuisse.
346 1675 417 1749 Sed
441 1679 583 1751 interim
603 1679 712 1770 (quod
733 1680 810 1772 jam
836 1679 1006 1768 diximus)
1024 1703 1096 1751 non
1114 1690 1169 1752 est
1188 1704 1269 1777 spes

162 1793 230 1862 nisi
248 1793 286 1862 in
304 1794 558 1890 reponeretiooe
574 1797 821 1878 scientiarum3
847 1805 889 1866 ut
913 1819 963 1867 eoe
986 1796 1123 1869 scilicet
1143 1799 1189 1869 ab
1207 1821 1269 1870 ex·

161 1909 339 2002 perientic
361 1921 459 1982 certo
481 1913 606 1984 ordine
629 1914 834 1984 excitentur
850 1923 888 1986 et
905 1936 1023 1985 rursus
1047 1915 1267 2000 condantur3

161 2027 258 2118 quod
275 2026 392 2098 adhuc
408 2027 544 2098 foetum
564 2051 641 2100 esee
663 2037 727 2099 aut
749 2029 958 2123 cogitatum,
976 2052 1082 2101 nemo
1101 2030 1157 2120 (nt
1175 2031 1269 2102 arbi·

161 2144 314 2236 tramur)
331 2141 569 2216 affirmaverit.

381 2356 388 2362 ,
626 2277 807 2351 XCVIII.

212 2375 339 2468 Atque
373 2380 600 2470 experientiae
634 2379 869 2450 fundamenta
905 2380 1062 2472 (qnando
1094 2380 1140 2450 ed
1175 2379 1266 2454 hanc

159 2495 309 2565 omnino
343 2495 602 2566 deveniendum
636 2499 706 2590 est)
735 2503 800 2566 aut
833 2494 941 2578 nulla,
974 2506 1040 2568 aut
1071 2497 1266 2569 admodum

159 2609 303 2680 infirma
319 2608 435 2679 adbuc
452 2609 620 2693 fuerunt;
646 2632 712 2680 nec
734 2610 1001 2703 particularium
1024 2609 1176 2703 sylvest
1193 2635 1268 2683 ma-

158 2727 280 2807 teries,
305 2723 363 2794 vel
389 2748 548 2808 numero,
574 2725 630 2796 vel
658 2748 796 2819 genere,
822 2726 878 2798 vel
906 2726 1131 2811 certitudine,
1159 2729 1268 2800 infor·

158 2842 294 2912 mando
317 2841 517 2912 intellectui
541 2851 757 2935 competens,
774 2855 837 2914 cut
858 2841 932 2913 ullo
956 2844 1062 2914 modo
1079 2843 1265 2928 sufficiens,

157 2959 280 3030 adbuc
305 2961 453 3052 quaesita
480 2969 535 3030 eat
562 2969 600 3032 et
627 2969 805 3054 congesta.
859 2959 930 3031 Sed
957 2969 1080 3032 contra
1104 2961 1266 3032 homines

157 3076 258 3147 docti
283 3076 413 3169 (supini
440 3099 526 3148 sane
551 3087 590 3148 et
618 3076 751 3164 faciles)
777 3099 936 3147 rumores
961 3076 1133 3169 quosdam
1158 3099 1266 3170 expe·

157 3190 309 3276 rientiae,
327 3201 366 3262 et
389 3173 487 3284 quasi
511 3193 622 3263 Amas
647 3200 686 3262 et
711 3215 814 3262 auras
838 3191 925 3283 ejus,
941 3192 988 3261 cd
1006 3190 1264 3284 philosophiam

157 3329 260 3379 suam
280 3306 335 3378 vel
353 3307 637 3379 constituendam
656 3306 713 3377 vel
736 3306 1013 3378 confirmandam
1035 3317 1264 3398 exceperunt,

157 3433 268 3518 atque
287 3423 357 3494 illis
373 3424 601 3496 nihilomiuus
624 3422 761 3516 pondus
782 3422 932 3516 legitimi
952 3422 1146 3492 testimonii
1162 3424 1265 3493 attri-

157 3542 328 3613 buerunt.
377 3538 434 3611 Ac
452 3541 564 3612 veluti
589 3542 617 3612 si
642 3563 792 3634 regnum
815 3539 957 3632 aliquod
981 3548 1045 3610 aut
1061 3547 1175 3611 status
1191 3563 1265 3612 non

157 3681 205 3728 ex
224 3658 337 3729 literis
354 3666 393 3728 et
410 3657 641 3729 relationibus
659 3657 823 3752 elegatis
845 3667 884 3726 et
908 3657 1042 3728 nuntiis
1059 3657 1130 3729 fide
1148 3659 1264 3752 dignis

156 3839 692 3912 ρ.48.Τοιγάρτοιτῖτῶνᾶνελπίστωνκοὶ
733 3839 854 3912 strength
878 3839 909 3894 os
928 3839 995 3895 both
1016 3839 1191 3896 Lacedaemon
1210 3839 1264 3897 and

156 3918 361 3990 ἀπροσδοκήτων
378 3918 421 3991 ἐφ’
434 3919 504 3989 ἡμῶν
522 3919 553 3974 οὗ
570 3919 691 3992 pipam
733 3917 846 3983 Athens,
866 3917 919 3972 ond
939 3918 970 3974 ol
987 3917 1033 3973 the
1054 3916 1218 3975 destruction
1236 3921 1268 3976 of

158 3999 197 4052 Οὔ
212 3999 265 4070 γὰρ
281 3999 342 4062 βίον
353 3997 378 4070 γ’
391 3997 463 4069 ἡμεῖς
474 3999 632 4068 ἀνθρώπινον
647 3999 692 4062 βε·
732 3997 838 4053 Thebes
850 3997 886 4069 by
898 3998 1056 4063 Alexander,
1070 3997 1104 4053 Β.
1114 3998 1146 4054 G.
1157 4013 1219 4071 335.

155 4079 296 4146 διώκομεν,
319 4077 380 4132 ἀλλ’
404 4079 440 4134 εἷο
468 4077 693 4148 παραδοξολογίαν
771 4075 794 4116 ¹⁹
807 4075 873 4149 Livy
886 4076 934 4131 IX.
951 4090 991 4148 17.
1010 4077 1038 4130 iu
1052 4076 1097 4131 Ibe
1114 4077 1263 4149 digression

156 4157 212 4212 reis
241 4156 376 4226 ἐσομένοις
402 4155 459 4226 μεθ
490 4156 556 4226 ἡμᾶς
584 4157 691 4226 leopos.
732 4173 769 4210 on
780 4155 825 4210 the
843 4153 969 4225 probable
987 4173 1182 4228 consequences
1201 4156 1263 4211 ola

158 4233 298 4290 AEscb.in
317 4234 432 4304 Ctes.(§
449 4237 510 4307 115)
548 4234 691 4290 AEscbines
732 4234 852 4306 stnnggle
870 4233 989 4288 between
1007 4233 1093 4288 Βοωο
1111 4233 1165 4288 aud
1182 4233 1263 4289 Alex·

156 4313 180 4368 is
205 4315 336 4387 speaking
359 4313 390 4370 ol
413 4313 459 4369 tha
483 4313 642 4385 prostration
663 4313 694 4368 ol
732 4311 822 4368 mder.
860 4311 902 4368 Cf.
917 4311 940 4368 1.
955 4329 1014 4367 110.
