3222 5148
315 359 379 423 142
639 355 812 421 NOVUM
835 351 1084 419 ORGANUM.

314 523 410 594 enim
435 531 555 616 speret
583 519 709 615 aliquis
738 520 929 594 terminare
956 517 1204 610 questionem,
1231 513 1354 586 utrum
1381 517 1420 586 in

314 644 417 708 motu
434 637 561 708 diurno
586 659 709 708 revere
731 643 905 706 terreant
928 633 1060 705 coelum
1080 639 1200 714 rotet;
1224 631 1293 702 nisi
1315 641 1422 702 nutu·

314 773 391 825 ram
409 754 595 825 rotationis
611 763 818 848 spontaneae
834 752 932 846 prius
949 748 1271 843 comprehenderit.

365 1030 494 1104 Lotcue
523 1042 644 1104 autem
670 1028 894 1128 processu-5¹⁸,
925 1030 971 1102 de
998 1052 1069 1122 quo
1095 1026 1285 1120 loquimur,
1311 1025 1419 1122 longe

314 1154 385 1224 alia
405 1176 461 1224 res
484 1159 550 1235 est,
568 1175 675 1244 quam
692 1149 820 1221 animis
839 1147 1026 1220 hominum
1044 1143 1213 1238 (qualiter
1238 1170 1334 1219 nunc
1357 1147 1421 1218 ob-

315 1268 489 1357 sidentur)
508 1267 612 1339 incile
637 1267 749 1360 possit
770 1287 989 1337 concurrere.
1042 1260 1175 1354 Neque
1199 1263 1297 1334 eninr
1313 1262 1421 1336 intel·

313 1381 459 1480 ligimus
481 1406 663 1456 mensuras
688 1382 871 1476 quasdam,
893 1389 957 1452 aut
981 1380 1093 1474 signa,
1115 1387 1179 1449 aut
1203 1377 1314 1450 scalas
1339 1403 1421 1472 pro-

315 1522 443 1584 cessus,
460 1501 496 1568 in
514 1499 717 1592 corporibus
741 1497 973 1590 spectabilem
1000 1495 1062 1566 sed
1085 1494 1189 1588 plane
1214 1517 1420 1588 processum

315 1614 573 1695 continuatum,
591 1615 652 1705 qui
668 1613 827 1684 maxima
843 1634 889 1682 ex
907 1619 1008 1706 parte
1025 1633 1168 1681 sensum
1186 1610 1290 1704 fugit.

367 1727 535 1824 Exempli
560 1731 698 1824 gratia3
733 1729 894 1801 inomni
923 1727 1153 1823 generations
1183 1735 1222 1796 et
1250 1726 1422 1797 transfor-

315 1845 474 1917 matione
509 1867 694 1938 corporum
728 1843 991 1938 inquirendum,
1023 1841 1109 1934 quid
1140 1840 1353 1933 dependatur
1382 1851 1421 1912 et

316 1961 446 2044 evolet,
462 1962 548 2055 quid
566 1971 718 2045 maneat,
732 1961 820 2055 quid
837 1959 1006 2043 accedat;
1030 1957 1117 2050 quid
1135 1955 1316 2038 dilatetur,
1332 1956 1420 2049 quid

316 2076 568 2160 contrahatur;
593 2076 679 2170 quid
705 2078 858 2158 uniatur,
882 2074 968 2167 quid
993 2081 1197 2166 separetur;
1223 2071 1309 2164 quid
1336 2093 1422 2144 con·

315 2191 485 2276 tinuetur,
516 2191 602 2285 quid
637 2191 885 2274 abscindatur3
926 2188 1014 2282 quid
1040 2185 1214 2280 impellat,
1239 2185 1326 2281 quid
1354 2187 1423 2257 irn-

314 2306 460 2400 pediut;
502 2306 589 2399 quid
628 2306 845 2388 dominetur,
883 2303 967 2396 quid
1008 2303 1238 2385 succumbam
1280 2311 1319 2374 et
1352 2301 1423 2375 alia

316 2421 510 2516 compium.

367 2536 501 2630 Neque
529 2536 589 2608 hic
616 2560 736 2610 mrsus
761 2537 836 2608 hec
867 2544 1010 2608 tantum
1039 2535 1075 2606 in
1100 2535 1333 2629 generatione
1357 2545 1423 2608 sut

316 2655 626 2726 transformatione
655 2677 841 2749 corpomm
870 2651 1059 2746 quaerenda
1087 2659 1194 2734 sunt;
1227 2652 1289 2724 sed
1318 2653 1422 2724 etin

356 2905 380 2947 ¹⁸
397 2907 643 2964 '‘hunsnoesss
663 2907 749 2962 isthe
764 2915 849 2962 secret
888 2903 920 2959 oi
935 2901 1062 2976 reaching
1079 2903 1172 2976 things
1192 2913 1242 2960 not
1262 2907 1424 2978 perceptible

317 2984 372 3039 end
383 2983 507 3042 invisible
520 3002 627 3056 process
639 2983 676 3056 by
687 2983 775 3041 which
787 3001 848 3040 sen·
888 2991 918 3038 to
935 2979 982 3038 the
1005 2999 1095 3037 museo
1119 2979 1206 3037 under
1227 2981 1354 3058 ordinary
1372 2985 1424 3041 cir-

317 3063 384 3119 sible
407 3063 524 3136 changes
547 3080 592 3119 are
614 3062 734 3134 brought
755 3063 847 3128 about,
889 3059 1424 3125 cumstauces,beveheeureel'uedtheo·

317 3141 371 3198 and
389 3159 483 3206 seems,
501 3143 531 3198 in
544 3141 659 3198 liscon’s
676 3141 848 3214 acceptation,
889 3139 1006 3211 retically
1017 3136 1055 3210 by
1068 3138 1114 3193 the
1131 3139 1218 3210 grand
1234 3141 1378 3212 principles
1395 3141 1427 3197 oi

316 3228 346 3275 to
360 3221 466 3276 involve
477 3221 523 3276 the
534 3220 663 3293 principle
679 3221 751 3276 since
766 3219 850 3276 called
889 3218 937 3273 the
958 3216 1092 3282 Calculus,
1112 3217 1166 3272 sud
1187 3218 1340 3291 practierlly
1357 3227 1387 3274 to
1407 3239 1425 3276 a

316 3297 363 3352 the
372 3298 436 3354 Law
446 3300 477 3354 of
487 3299 653 3372 Continuity,
666 3297 810 3370 according
820 3307 850 3354 to
890 3304 965 3366 great
976 3303 1066 3351 extent
1078 3295 1114 3368 hy
1129 3296 1175 3351 the
1187 3295 1327 3370 discovery
1337 3299 1369 3354 oi
1376 3297 1424 3354 the

317 3375 403 3432 which
427 3395 464 3433 no
487 3378 599 3449 change,
618 3375 742 3433 however
763 3378 849 3442 small,
891 3373 1066 3446 Microsoope.
1092 3373 1423 3448 'I'hs“perminiun,aut

316 3469 367 3509 can
387 3453 421 3510 be
444 3455 555 3510 effected
578 3453 629 3510 but
652 3456 680 3510 in
703 3456 773 3510 time.
808 3455 850 3512 To
890 3453 983 3507 saltem
1007 3469 1055 3523 per
1073 3452 1127 3518 illa,
1146 3469 1205 3526 quse
1230 3464 1295 3508 sunt
1317 3453 1423 3510 minora

317 3532 398 3586 know
411 3533 456 3588 the
472 3533 581 3588 mlstion
594 3533 713 3588 between
726 3535 772 3590 the
785 3533 850 3588 time
890 3547 972 3604 quarn
996 3539 1027 3586 ut
1050 3547 1159 3586 sensum
1182 3531 1298 3586 lerient’
1316 3531 1348 3586 oi
1368 3531 1423 3588 thie

316 3609 372 3665 and
384 3609 430 3666 the
441 3611 544 3682 change
556 3611 666 3666 ed'ected
677 3611 706 3667 in
718 3613 747 3678 it,
759 3612 849 3668 would
890 3607 1081 3680 aphorismis
1096 3611 1229 3682 lenguuge
1243 3609 1315 3684 quite
1332 3611 1364 3665 ut
1381 3611 1425 3666 ior

317 3685 351 3743 be
370 3695 399 3742 to
417 3688 485 3744 have
501 3707 518 3743 a
532 3689 631 3759 perfect
647 3691 804 3762 knowledge
822 3691 853 3747 oi
890 3686 936 3742 the
952 3686 1088 3743 Calculus.
1123 3687 1190 3742 'l'his
1209 3689 1315 3744 remark
1333 3687 1422 3754 holds,

317 3763 363 3819 the
394 3765 490 3821 Latent
520 3763 659 3823 Process.’'
710 3767 850 3842 Playiair’e
889 3773 944 3830 too,
966 3765 997 3821 oi
1013 3765 1109 3821 Latent
1127 3765 1274 3823 Stmoture.
1312 3765 1369 3823 But
1386 3767 1423 3840 by

318 3841 429 3915 Eurycl.
455 3843 523 3900 Brit.
547 3845 601 3900 sol.
624 3845 646 3900 l.
678 3845 791 3904 Dissert.
811 3849 848 3906 iii.
889 3843 925 3900 eli
943 3861 983 3898 ve
1001 3843 1131 3909 discover,
1147 3861 1187 3900 we
1204 3847 1268 3917 only
1285 3845 1359 3900 leam
1376 3845 1423 3901 the

316 3941 345 3994 p.
357 3935 419 3995 459.
457 3920 491 3978 ln
504 3923 619 3979 Baecu’s
635 3926 791 3982 accountoi
803 3928 849 3983 the
890 3921 957 3994 deep
983 3921 1058 3978 truth
1081 3922 1113 3978 oi
1134 3923 1252 3978 Bucon’s
1275 3923 1424 3996 Aphorisnr

317 3999 428 4058 Process
441 4001 472 4056 oi
481 3999 591 4067 Nature,
603 4021 642 4058 we
659 4021 702 4058 see
716 4005 762 4060 the
773 4023 847 4076 germ
890 3999 925 4070 (1.
941 4001 1003 4070 ro):
1024 4000 1190 4058 “Subtilitas
1205 4001 1317 4058 Nature
1336 4001 1423 4058 subti-

316 4072 349 4127 οἰ
366 4071 412 4126 the
430 4071 565 4136 Calculus,
584 4074 613 4128 in
632 4073 720 4129 which
741 4074 776 4130 he
793 4075 848 4132 evi·
889 4079 989 4136 litatem
1010 4097 1105 4135 sensus
1124 4080 1216 4136 multis
1235 4081 1358 4154 pertibus
1377 4101 1423 4138 su·

317 4149 410 4223 deully
432 4149 522 4206 would
546 4150 614 4206 heve
637 4151 758 4224 rsjoicsd.
799 4153 849 4210 See
889 4159 991 4229 perat.'’
1028 4157 1087 4214 Nor
1099 4177 1149 4214 cau
1161 4159 1206 4214 liis
1218 4159 1424 4216 andertension

316 4227 392 4284 Price
407 4247 443 4284 on
456 4229 502 4284 the
514 4227 699 4285 infinitesimal
713 4231 847 4298 Calculus,
889 4235 921 4290 oi
934 4237 1091 4310 knowledge
1108 4237 1185 4294 teech
1203 4255 1265 4294 man
1281 4257 1334 4310 any
1346 4239 1424 4296 other·

316 4309 370 4363 vol.
381 4307 404 4363 1.
422 4317 491 4380 part.
504 4307 542 4363 11.
561 4308 639 4379 chep.
649 4310 685 4364 ix.
723 4309 779 4380 (cf.
791 4313 849 4368 also
888 4313 988 4372 lesson.

316 4387 377 4443 inis.
392 4387 460 4442 ll.8
479 4385 514 4442 ed
532 4386 590 4454 fin.)
631 4388 746 4444 Bacon’s
765 4388 848 4461 hopes
