3268 5146
647 335 736 399 mn.
755 334 804 398 11.
821 334 873 418 3⁶.
1235 323 1301 390 247

199 523 246 574 ex
261 503 384 595 priscis
401 499 618 596 philosophis
635 498 770 593 opinati
788 505 891 580 sunt;
917 517 963 565 cn
986 493 1098 565 solide
1120 499 1158 562 ct
1180 489 1300 570 denso,

201 625 243 687 ut
259 617 445 690 Gilbcrtus
467 626 506 687 et
528 616 632 688 multi
656 615 826 698 moderni,
844 635 928 684 cum
949 606 1129 682 nonnullis
1146 627 1192 676 ex
1209 603 1301 676 enti·

200 734 287 828 quis,
306 742 443 806 tenent.
495 733 669 806 Retiones
688 733 890 826 posterioris
911 730 1013 801 istius
1029 725 1204 819 opinionis
1220 721 1301 792 fun·

201 850 331 922 duntur
346 852 383 921 in
400 850 468 922 hoc
486 850 654 933 maxime,
672 848 767 943 quod
785 848 871 918 lune
886 846 1002 918 radios
1018 843 1101 916 solis
1117 839 1300 921 reflectam

200 987 317 1059 nsque
333 966 475 1037 videtur
490 965 566 1037 lieri
584 963 730 1038 reflexio
747 963 836 1035 lucis
853 964 920 1035 nisi
937 985 959 1033 c
975 959 1107 1032 solidis.

251 1085 381 1178 Itsque
397 1083 575 1156 insumite
591 1083 704 1154 oecis
721 1083 814 1154 circa
837 1081 906 1154 boc
928 1080 1128 1173 subjectum
1151 1098 1202 1148 esc
1225 1095 1301 1146 esse

200 1207 369 1294 poterunt
387 1198 430 1288 (si
453 1200 561 1270 modo
584 1198 711 1292 eliquee
735 1199 821 1290 sint)
836 1220 916 1290 quoe
939 1196 1184 1267 demonstrent
1200 1187 1302 1260 rede-

202 1317 346 1387 xionem
373 1337 395 1386 e
422 1335 567 1408 corpore
593 1313 703 1396 tenni,
722 1313 834 1406 quelis
863 1320 917 1384 est
943 1310 1097 1391 flemme,
1122 1307 1230 1379 modo
1254 1307 1302 1378 sit

202 1433 371 1504 crassitiei
409 1431 626 1504 sufficientis.
687 1431 796 1502 Certe
830 1450 935 1501 cause
968 1426 1176 1521 crepusculi,
1208 1427 1303 1495 inter

201 1547 296 1630 clins,
332 1555 387 1618 cst
420 1545 567 1619 reflexio
602 1546 780 1618 mdiorum
817 1543 901 1616 solis
934 1566 957 1614 e
987 1542 1168 1636 superiore
1201 1549 1302 1633 perte

201 1663 290 1735 e'e'ris
301 1660 338 1734 ¹⁷.
390 1661 511 1734 Etiam
528 1663 745 1755 quandoque
757 1661 893 1734 reflecti
909 1659 1071 1732 videmus
1087 1658 1203 1728 redies
1219 1656 1304 1727 solis

203 1779 422 1873 temporibus
440 1777 648 1873 vespertinis
670 1778 812 1861 serenis,
830 1776 1015 1848 efimbriis
1031 1775 1180 1846 nubium
1196 1774 1304 1844 rosci-

203 1895 337 1978 derum,
354 1917 426 1964 non
451 1895 579 1966 minori
604 1893 802 1986 splendore,
824 1893 885 1964 sed
913 1893 1030 1984 potius
1054 1889 1248 1972 illustriori,
1265 1901 1304 1961 et

203 2013 316 2106 magis
343 2011 508 2106 glorioso,
539 2031 646 2103 quem
675 2011 735 2103 qui
769 2010 930 2080 redditur
958 2031 981 2080 s
1008 2031 1156 2102 corpore
1187 2007 1303 2090 lunae;

203 2149 321 2219 nsque
350 2133 471 2196 temen
501 2133 650 2208 constet,
681 2145 741 2196 eus
770 2123 884 2196 nubes
912 2123 1082 2195 coaluisse
1110 2125 1147 2192 in
1179 2143 1304 2215 corpus

205 2243 355 2313 densum
388 2263 498 2333 cquae.
559 2239 683 2310 Etiam
717 2239 890 2324 videmus,
924 2241 1041 2310 serem
1077 2238 1304 2310 tenebrosum

204 2377 297 2450 pone
326 2355 496 2428 fenestras
526 2364 636 2426 noctu
670 2354 852 2428 reflectere
886 2354 1001 2426 lucem
1037 2353 1202 2437 candele,
1232 2375 1305 2424 non

205 2473 322 2544 minus
338 2495 446 2565 quom
463 2493 590 2566 corpus
607 2471 758 2542 densum
770 2469 807 2543 ¹⁸.
843 2470 1068 2542 Tentandum
1085 2471 1194 2541 etiem
1213 2469 1306 2540 foret

206 2589 492 2682 experimentum
508 2588 732 2659 immissionis
749 2587 926 2658 mdiorum
949 2587 1032 2659 solis
1054 2588 1305 2681 perforamen,

206 2725 311 2799 super
327 2702 506 2775 dammam
523 2702 677 2795 aliquem
695 2703 898 2776 sublirsccm
915 2712 953 2776 et
970 2703 1167 2776 ccruleam.
1211 2703 1306 2774 Sene

206 2819 295 2890 redii
325 2820 438 2912 aperti
468 2817 562 2900 solis,
591 2820 788 2892 incidentes
821 2822 859 2890 in
889 2819 1049 2892 ilemmcs
1078 2821 1306 2904 obscuriores,

208 2935 374 3006 videntur
398 2955 457 3006 ens
480 2935 579 3026 quasi
604 2934 830 3019 mortificare,
847 2943 890 3006 ut
911 2936 1172 3029 conspiciuntur
1194 2937 1308 3029 magis

208 3052 318 3122 imter
334 3049 424 3121 fumi
444 3048 525 3132 elbi,
543 3071 650 3142 quem
666 3049 828 3120 flcmmoe.
878 3049 1001 3144 Atque
1017 3051 1093 3121 haec
1110 3053 1309 3144 impraesen·

209 3167 339 3240 tinum
356 3177 557 3250 occurrunt,
574 3188 652 3258 quae
668 3168 740 3237 sint
757 3189 804 3237 ex
821 3175 947 3238 nutura
967 3168 1214 3240 incoliorum
1232 3192 1310 3239 cru·

209 3283 259 3355 ct'r
276 3285 369 3354 circe
384 3283 475 3354 hcnc
492 3305 589 3366 rem;
613 3290 651 3354 et
667 3281 815 3353 meliors
827 3282 975 3355 fortusse
986 3286 1133 3377 reperiri
1152 3293 1308 3378 possunt.

210 3401 282 3474 Sed
309 3402 507 3473 notindum
532 3423 672 3494 semper
697 3409 760 3484 est,
779 3399 1009 3475 reflexionem
1031 3427 1054 3474 e
1072 3402 1216 3476 flemme
1237 3427 1309 3476 non

210 3599 262 3655 end
274 3599 320 3654 the
331 3617 391 3653 new
402 3597 503 3654 school.
533 3597 614 3654 Their
625 3597 704 3669 procl
712 3597 743 3654 οἰ
781 3618 812 3656 so
824 3599 882 3657 thet
893 3599 939 3656 the
950 3603 1003 3658 ieet
1015 3602 1046 3660 οἰ
1058 3608 1078 3634 “
1088 3601 1205 3659 Reflexio
1220 3621 1237 3658 a
1252 3621 1311 3658 cor·

210 3679 245 3733 its
257 3675 365 3749 solidity
376 3695 430 3732 ross
447 3686 496 3732 not
513 3675 544 3732 ci
559 3676 641 3732 much
653 3677 740 3732 velue.
781 3695 846 3751 pore
857 3681 951 3735 tenui”
963 3681 986 3736 is
998 3681 1065 3755 sully
1076 3681 1247 3738 established.

212 3753 267 3810 Eut
278 3755 333 3810 this
346 3754 464 3826 signifies
477 3755 544 3810 little
559 3771 621 3810 now
632 3754 691 3810 thet
702 3771 742 3809 we
820 3756 844 3796 ¹⁸
855 3757 973 3816 liccon'e
985 3777 1080 3816 resson
1091 3760 1134 3816 lor
1144 3759 1198 3815 this
1210 3758 1313 3832 pheno·

209 3851 255 3888 ere
273 3832 332 3888 eble
350 3841 379 3888 to
396 3835 523 3890 celeulme
534 3832 742 3906 scematelythe
782 3854 881 3892 menon
900 3837 924 3894 is
942 3855 1044 3911 wrong.
1082 3838 1108 3894 It
1128 3839 1152 3894 is
1170 3839 1253 3909 really
1267 3837 1314 3892 the

211 3909 326 3983 deneity,
339 3921 388 3966 not
405 3911 469 3984 only
480 3913 510 3966 of
526 3912 571 3967 the
585 3911 680 3977 Moon,
692 3911 743 3967 but
782 3915 904 3988 polished
916 3917 1020 3974 surfuce
1035 3917 1066 3973 οἰ
1080 3916 1127 3972 the
1142 3919 1214 3988 gloss
1226 3915 1315 3970 which

211 4007 277 4044 even
289 3990 320 4045 oi
328 3989 374 4045 the
386 3999 458 4045 most
469 3989 571 4045 distem
583 3989 699 4046 Plsnets.
782 3993 885 4050 reflecte
897 3995 943 4051 the
955 4013 1032 4068 rsys:
1051 3995 1105 4050 end
1117 3995 1171 4051 this
1182 3996 1205 4050 is
1217 3995 1314 4066 always

250 4067 273 4109 ¹⁷
284 4067 357 4124 'lhue
380 4067 497 4140 enough,
516 4069 541 4124 if
556 4086 597 4123 we
620 4067 674 4124 edd
697 4068 743 4124 the
782 4073 829 4128 the
850 4091 918 4138 csse
933 4076 1021 4132 botis
1039 4075 1103 4145 only
1120 4073 1214 4130 visible
1234 4083 1263 4126 tc
1280 4089 1314 4126 us

213 4145 370 4216 Wlfflin
387 4147 419 4202 ⁰s
436 4164 505 4218 1²5⁸·
541 4146 599 4202 'lhe
617 4145 742 4202 blueness
782 4154 860 4209 when
873 4153 982 4209 thereis
1000 4153 1103 4208 neither
1116 4151 1186 4223 light
1204 4168 1255 4206 nor
1266 4148 1315 4204 ob-

211 4225 303 4281 nithe
326 4225 366 4280 eir
385 4227 467 4280 arieee
491 4225 561 4280 from
582 4225 628 4280 the
645 4235 743 4297 weterp
779 4225 834 4297 ject
853 4242 889 4279 on
913 4224 959 4280 the
983 4225 1060 4278 other
1082 4221 1139 4278 side
1160 4231 1189 4278 to
1207 4220 1315 4291 destroy

211 4304 334 4375 penicles
353 4303 381 4358 in
399 4303 436 4358 it:
456 4303 509 4358 end
526 4303 572 4359 the
590 4303 661 4376 light
679 4304 743 4358 thus
783 4303 829 4359 the
841 4305 927 4375 image
940 4301 1053 4357 created.

212 4381 336 4439 reflected
347 4381 417 4438 from
429 4382 475 4438 the
490 4383 576 4454 skyis
594 4381 741 4455 polnrlscdt
