3156 5176
324 333 392 400 884
650 329 825 396 Novum
847 325 1097 396 oaGANUM.

327 494 541 576 tributionis,
558 501 598 566 et
614 494 834 588 digestionis,
852 501 1041 586 postquam
1058 490 1253 563 commista
1268 489 1362 576 sint;
1379 487 1443 558 de-

327 611 437 704 nique
453 617 492 680 et
508 609 808 703 praedominantiae
824 619 906 702 post
921 609 1107 680 misturam
1125 615 1360 678 transactam

379 727 445 820 (7.)
472 725 645 820 Superest
661 725 790 796 ultimo
808 725 887 798 loco
903 747 951 798 ex
967 725 1085 796 modis
1101 731 1245 816 septem
1263 721 1440 816 operandi

327 843 501 936 septimus
517 850 556 914 et
572 851 794 936 postremus;
814 843 975 936 operatio
991 839 1130 912 scilicet
1147 861 1214 932 per
1229 837 1443 910 altenmtio-

328 955 457 1040 nemffi,
474 965 513 1030 et
528 957 787 1030 vicissitudines
804 959 960 1050 priorum
978 979 1063 1029 sex:
1086 957 1134 1028 de
1150 977 1225 1047 quo
1241 963 1441 1047 antequam

328 1075 364 1144 in
389 1073 547 1167 singulos
563 1071 642 1144 illos
664 1071 770 1164 panio
785 1071 893 1144 altius
909 1071 1019 1144 fuerit
1035 1071 1262 1164 inquisitum,
1279 1081 1441 1163 tempes-

328 1189 442 1260 tivum
459 1209 532 1260 non
549 1190 643 1260 foret
659 1186 825 1281 exempla
841 1209 1049 1281 proponere.
1081 1185 1203 1258 Series
1218 1196 1346 1258 antem
1363 1187 1439 1257 sire

328 1293 456 1376 catena
472 1303 673 1396 hujusmodi
690 1302 944 1388 alternationis,
961 1313 1069 1396 prout
1085 1303 1130 1374 ad
1149 1301 1292 1398 singula
1308 1301 1441 1374 effecta

328 1420 588 1492 accommodari
606 1421 725 1513 posuit,
739 1442 795 1491 res
811 1429 867 1492 est
883 1427 923 1492 et
934 1419 1083 1514 cognitu
1099 1407 1259 1490 maxime
1271 1419 1439 1500 difficilis,

329 1543 369 1608 et
384 1536 429 1607 ad
446 1559 554 1628 opera
570 1537 726 1608 maxime
744 1535 872 1607 valida.
924 1535 1075 1608 Summa
1096 1543 1221 1608 antem
1238 1535 1387 1607 detinet
1401 1545 1439 1606 et

330 1661 482 1744 occupat
499 1651 661 1724 homines
677 1653 902 1747 impatientia
921 1652 1126 1744 hujusmodi
1143 1660 1220 1724 tam
1237 1653 1439 1745 inquisitio·

330 1767 387 1838 nis
405 1789 512 1860 quum
529 1790 695 1860 praxeos;
713 1791 796 1840 cum
809 1779 932 1840 tamen
948 1769 996 1840 sit
1012 1769 1124 1840 instar
1135 1767 1187 1840 iili
1205 1766 1437 1862 labyrintbpi,

330 1882 448 1976 quoad
466 1905 573 1977 opera
598 1885 741 1976 majora.
792 1883 917 1978 Atque
943 1884 1019 1956 baec
1044 1884 1221 1958 sufficiant
1245 1885 1294 1956 ad
1316 1907 1438 1958 exem·

331 1997 429 2092 plum
447 1999 678 2094 polycbresti.

852 2177 916 2250 LI.

382 2293 486 2366 Inter
496 2293 748 2392 proeroputioar
771 2293 1016 2366 imtuutiurum
1038 2319 1213 2388 ponemus
1239 2295 1319 2368 loco
1346 2299 1436 2370 vice-

331 2411 421 2484 simo
444 2413 596 2506 septimo
617 2419 728 2504 atque
752 2410 881 2482 ultimo
900 2411 1084 2484 imtuutics
1102 2409 1302 2510 mapicasv.
1356 2411 1435 2485 Hoc

332 2527 477 2599 nomine
506 2527 583 2600 illas
612 2525 841 2621 appellamus,
864 2527 901 2597 in
927 2527 1056 2620 quibus
1085 2530 1245 2612 materia,
1272 2538 1338 2600 aut
1365 2527 1436 2600 effi-

331 2643 439 2726 ciens,
458 2645 575 2716 tennis
597 2653 662 2716 sut
686 2666 793 2737 parva
814 2653 878 2728 est,
895 2667 959 2737 pro
985 2645 1232 2739 magnitudine
1257 2646 1375 2739 operis
1399 2653 1434 2718 et

329 2757 477 2830 effectus
494 2761 556 2852 qui
578 2761 759 2852 sequitur;
785 2760 875 2832 adeo
893 2768 935 2830 ut
952 2761 1093 2832 etiamsi
1111 2760 1246 2832 fuerint
1264 2760 1433 2857 vulgares,

330 2883 453 2946 tamen
482 2875 554 2946 sint
583 2875 694 2948 instar
723 2875 894 2960 miraculi,
923 2875 1002 2949 aliae
1034 2879 1151 2971 primo
1184 2879 1332 2962 intuitu,
1361 2876 1434 2949 alia

330 2992 441 3064 etiarn
458 2993 631 3064 attentius
648 2991 915 3086 contemplanti.
957 2993 1033 3064 Has
1051 3017 1135 3066 vero
1152 3003 1281 3066 natura
1297 3017 1344 3066 ex
1361 3017 1433 3066 sese
1547 3069 1548 3074 ,

330 3108 574 3180 subministrat
591 3131 717 3204 paroe;
743 3108 828 3201 quid
847 3131 931 3180 vero
949 3109 1085 3182 factura
1106 3112 1154 3182 sit
1177 3113 1257 3182 sinu
1278 3133 1433 3192 excusso,

330 3234 370 3296 et
386 3235 467 3319 post
483 3225 724 3296 inventionem
742 3225 945 3310 formarum,
963 3235 1002 3298 et
1017 3249 1259 3320 processuum,
1277 3237 1317 3300 et
1339 3227 1435 3300 sche-

329 3342 587 3425 matismorum,
616 3339 745 3412 futuris
775 3343 995 3436 temporibus
1029 3344 1227 3438 apparebit.
1287 3343 1343 3416 At
1371 3347 1434 3416 istu

366 3591 393 3632 ⁸⁸
410 3599 487 3664 “per
503 3595 733 3660 alternatioucm,”
751 3595 807 3651 ie.
825 3595 863 3669 by
939 3593 965 3636 ⁸⁷
975 3597 1213 3669 Mty-screntb
1227 3597 1283 3654 and
1299 3599 1354 3655 isat
1364 3617 1434 3655 coms

330 3671 459 3742 bringing
467 3671 543 3726 these
555 3675 597 3728 six
607 3671 730 3730 different
739 3674 863 3730 methodo
905 3673 1023 3746 Megical
1036 3675 1184 3732 hetanccs.
1221 3677 1434 3734 rheuma

331 3757 360 3804 to
379 3747 443 3802 bear
461 3749 490 3802 in
507 3749 642 3820 iudicione
661 3751 739 3807 order
750 3769 786 3806 on
798 3752 864 3808 esch
904 3751 992 3808 which
1011 3764 1086 3824 preat
1105 3754 1159 3810 and
1180 3754 1331 3812 'cudwini
1349 3757 1434 3814 dm

331 3824 510 3898 cubicetand
530 3829 865 3902 soebiitingtbatordcr
904 3849 949 3888 arc
968 3831 1105 3903 produced
1125 3832 1162 3906 by
1181 3835 1261 3890 amab
1280 3835 1337 3890 and
1359 3853 1434 3908 αμμ-

331 3921 362 3960 aa
381 3914 411 3961 to
431 3903 526 3974 gathu
546 3905 669 3962 differem
691 3910 863 3975 sautu—es,
905 3910 1158 3984 rentiyinadequate
1170 3929 1274 3969 uuam.
1291 3913 1361 3970 'l'uis
1372 3915 1434 3970 cin

331 3999 397 4055 ep.
421 3983 503 4054 using
528 3981 600 4038 Heat
629 3983 720 4042 before
745 4005 776 4042 or
798 3987 865 4044 atter
905 3987 1092 4045 bememsto
1111 3989 1436 4065 unadepogrmt

331 4079 465 4134 preuure,
479 4061 529 4116 dcc.
905 4067 1010 4124 science
1020 4069 1074 4124 will
1087 4069 1176 4126 meai
1193 4069 1221 4126 in
1238 4079 1344 4143 greater
1355 4071 1433 4128 abun
1545 4099 1546 4108 ¹

366 4139 393 4181 ὅ
410 4137 866 4210 iiiunhnbyriatbimtbatitle
906 4144 1000 4202 dancc.

331 4220 363 4277 oi
371 4239 422 4278 one
434 4221 465 4278 oi
475 4219 592 4276 Bacou's
603 4219 686 4277 lesscr
697 4223 794 4278 vorke.
