3222 5148
351 343 396 404 84
682 339 856 406 NOVUM
880 337 1129 403 ORGANUM.

353 515 413 576 tur
437 504 552 576 latens
577 513 616 577 et
643 504 792 586 occulta,
818 507 856 576 in
883 502 961 576 aliis
988 503 1179 574 manifesta
1207 502 1267 586 sit,
1295 509 1336 572 et
1363 499 1456 594 quasi

352 620 562 714 palpabilis;
585 630 693 714 atque
710 623 748 691 in
766 619 837 692 illis
853 620 1136 702 admirationem,
1154 620 1192 690 in
1209 617 1265 690 his
1282 641 1331 690 ne
1347 627 1459 690 atten-

354 737 489 810 tionem
516 739 661 830 quidem
687 747 842 808 moveat.
901 735 956 808 Ut
980 737 1022 806 ut
1049 736 1087 806 in
1113 743 1242 806 natura
1267 736 1460 806 consisten-

354 855 413 925 tiae
423 850 460 936 ⁹⁴,
478 875 556 946 quae
582 855 620 924 in
645 853 745 946 ligno
769 851 825 924 vel
852 851 970 946 lapide
995 875 1068 923 non
1093 861 1250 938 notatur,
1270 851 1337 924 sed
1360 852 1460 922 solidi

353 969 592 1063 appellatione
609 970 875 1053 transmittitur,
893 991 1010 1061 neque
1026 968 1180 1062 amplius
1197 968 1243 1038 de
1260 969 1350 1062 fuga
1366 991 1462 1062 sepa·

352 1087 500 1158 rationis
527 1095 591 1159 aut
618 1085 803 1157 solutionis
834 1086 1080 1156 continuitatis
1109 1085 1324 1177 inquiritur:
1362 1095 1402 1156 at
1427 1087 1462 1156 iu

353 1225 524 1295 aquarum
542 1202 649 1274 bullis
666 1201 791 1274 eadem
808 1225 865 1272 ree
883 1203 1026 1272 videtur
1042 1201 1182 1272 subtilis
1199 1211 1238 1273 et
1257 1203 1462 1296 ingenim

354 1343 433 1413 quae
449 1318 554 1390 bullae
570 1343 609 1390 se
626 1320 819 1410 conjiciunt
836 1320 873 1390 iu
892 1317 1077 1411 pelliculas
1093 1319 1277 1412 quasdam,
1295 1319 1336 1390 in
1354 1319 1465 1392 bemi-

355 1435 494 1528 sphaerii
511 1436 662 1506 formam
683 1435 821 1506 curiose
844 1434 989 1518 effictas,
1006 1442 1049 1504 ut
1065 1437 1110 1506 ad
1128 1445 1357 1506 momentum
1376 1447 1465 1508 tem·

354 1553 449 1645 poris
465 1552 622 1623 evitetur
638 1549 768 1622 solutio
785 1552 1043 1622 continuitatis.

406 1665 530 1758 Atque
555 1690 696 1760 prorsus
721 1667 782 1738 illa
807 1667 894 1760 ipsa,
911 1691 989 1760 quae
1011 1667 1190 1740 habentur
1214 1691 1280 1762 pro
1307 1673 1465 1756 secretis,

356 1785 393 1853 iu
421 1782 498 1854 aliis
527 1782 660 1854 habent
689 1792 852 1855 naturam
884 1785 1110 1856 manifestam
1140 1794 1179 1856 et
1208 1809 1464 1872 communem

356 1922 434 1992 quae
463 1921 647 1991 nunquam
682 1921 720 1971 se
754 1900 854 1971 dabit
887 1899 1184 1993 conspiciendam,
1214 1904 1243 1974 si
1275 1903 1465 1974 homiuum

355 2015 601 2108 experimenta
624 2025 688 2086 aut
714 2014 1032 2108 contemplationes
1056 2018 1093 2086 iu
1117 2015 1187 2088 illis
1209 2019 1298 2111 ipsis
1322 2029 1465 2090 tautum

355 2140 553 2204 versentur.
610 2129 835 2204 Generaliter
863 2141 984 2205 autem
1015 2142 1054 2206 et
1080 2134 1198 2228 vulgo,
1229 2137 1267 2205 in
1297 2137 1466 2229 operibus

355 2247 570 2319 mechanicis
591 2246 770 2318 habentur
792 2269 855 2340 pro
875 2249 977 2320 novis
993 2250 1155 2333 inventis,
1173 2251 1202 2321 si
1220 2253 1301 2344 quis
1317 2255 1465 2347 jampri-

356 2365 439 2436 dem
465 2365 611 2434 iuventa
635 2363 802 2435 subtilius
825 2362 948 2458 poliat,
968 2364 1025 2438 vel
1051 2376 1153 2438 ornet
1179 2366 1394 2462 elegantius,
1410 2371 1464 2444 vel

355 2479 460 2552 simul
496 2481 599 2550 uniat
633 2489 671 2551 et
705 2490 904 2573 componat,
936 2481 992 2554 vel
1026 2505 1108 2554 cum
1143 2507 1209 2556 usu
1241 2488 1464 2558 commodius

356 2595 512 2688 copulet,
529 2604 592 2666 aut
614 2619 701 2688 opus
725 2597 866 2688 majore,
884 2607 949 2670 aut
969 2599 1078 2669 etiam
1095 2600 1242 2683 minore,
1261 2625 1375 2695 quam
1392 2605 1463 2676 lieri

356 2713 549 2794 consuevit,
567 2713 663 2786 mole
681 2712 737 2786 vel
756 2713 936 2785 volumine
953 2715 1132 2799 exhibeat,
1150 2725 1188 2788 et
1204 2719 1347 2792 similia

407 2828 535 2922 Itaque
559 2829 706 2901 minime
729 2831 860 2902 mirum
884 2839 950 2915 est,
967 2832 996 2902 si
1021 2831 1164 2916 nobilia,
1182 2843 1221 2905 et
1243 2858 1381 2930 genera
1402 2839 1463 2910 hu·

357 2970 462 3019 mauo
485 2947 592 3042 digna
614 2947 760 3018 inventa
782 2948 819 3018 in
843 2947 961 3018 lucem
983 2957 1144 3020 extracta
1160 2973 1232 3022 uon
1250 2953 1336 3036 sint,
1355 2979 1462 3048 quum

356 3065 517 3136 homines
531 3065 732 3157 hujusmodi
747 3065 886 3158 exiguis
899 3065 1016 3156 peusis
1032 3073 1072 3136 et
1089 3065 1285 3158 puerilibus
1302 3071 1462 3144 contenti

357 3192 394 3252 et
416 3180 584 3253 delectati
608 3180 762 3264 fuerint3
789 3181 988 3273 quinetiam
1011 3182 1048 3252 in
1074 3180 1200 3252 iisdem
1227 3207 1266 3255 se
1292 3209 1462 3282 magnum

356 3297 499 3390 aliquod
517 3305 696 3390 sequutus,
714 3307 779 3368 aut
795 3307 1003 3389 assequutus
1020 3301 1237 3391 putaverint.

799 3477 1023 3553 LXXXIX.

410 3591 543 3688 Neque
572 3592 661 3664 illud
689 3597 1032 3688 praetennittendum
1065 3607 1130 3684 est,
1159 3600 1254 3693 quod
1287 3613 1395 3676 nacta
1419 3607 1462 3676 sit

360 3815 426 3871 teral
450 3815 665 3872 circumstances.
707 3819 774 3874 'l'his
797 3821 821 3876 is
845 3821 891 3876 the
931 3821 979 3894 ing
998 3823 1105 3887 truths;
1133 3822 1169 3894 by
1189 3825 1333 3898 searcbing
1353 3837 1403 3883 out
1421 3827 1463 3882 tbs

360 3911 455 3949 reason
472 3893 503 3948 oi
517 3892 563 3948 the
579 3913 685 3951 success
701 3897 730 3951 oi
744 3915 818 3953 some
830 3899 891 3954 wild
932 3902 1034 3974 history
1046 3903 1075 3956 ol
1087 3902 1133 3958 the
1148 3921 1219 3958 same
1233 3922 1324 3976 power
1335 3925 1366 3962 aa
1378 3909 1401 3962 it
1411 3917 1463 3962 acts

361 3982 440 4030 sem.
483 3971 591 4028 Carried
615 3982 660 4028 too
683 3975 732 4040 iar,
751 3977 805 4032 and
826 3997 890 4034 cou-
932 3979 1018 4035 under
1029 3980 1151 4036 different
1162 3981 1373 4041 circumstances
1384 3987 1432 4042 &a

360 4051 454 4108 nected
476 4051 539 4107 with
562 4052 608 4107 the
630 4053 816 4124 Imaginatiou,
837 4057 891 4113 thia
967 4057 994 4098 ⁹⁴
1011 4057 1048 4113 Sc
1069 4059 1172 4130 gravity
1190 4061 1213 4115 is
1235 4064 1385 4120 uoticcablc
1404 4067 1463 4120 iae

361 4130 564 4188 one-sideduess
599 4131 722 4188 becomes
757 4135 890 4192 madness.
932 4137 1026 4208 falling
1043 4139 1129 4208 epple,
1147 4137 1197 4194 but
1214 4157 1307 4210 pasees
1324 4143 1463 4200 unboeded

361 4211 420 4266 But
436 4209 523 4264 Truth
541 4210 565 4264 is
583 4209 709 4266 obtained
727 4213 764 4286 by
782 4213 892 4286 diligent
932 4217 1137 4289 inarevolving
1148 4217 1239 4273 world.
1277 4221 1463 4280 “consisten-

362 4288 487 4346 oollatiou
500 4288 531 4344 oi
543 4288 613 4344 what
627 4308 698 4345 seem
716 4295 892 4364 antagonistic
931 4295 987 4350 tia”
999 4295 1022 4350 is
1031 4295 1076 4351 the
1088 4297 1191 4352 mutual
1203 4299 1347 4356 attractiou
1358 4301 1392 4357 ci
1406 4321 1464 4374 par·

360 4369 445 4436 iactu
469 4367 506 4440 by
522 4367 742 4442 acknowledgiup
759 4372 794 4426 all
811 4373 891 4430 limit-
932 4375 1015 4430 ticles.
