3222 5148
333 337 398 406 126
660 339 835 405 Novum
858 337 1106 406 ORGANUM.

333 504 400 586 dia,
414 512 453 574 et
469 501 662 586 similibus3
688 525 730 574 ac
742 503 852 574 etiam
869 502 916 574 de
933 501 1108 596 exemplis
1125 523 1244 572 rerum
1262 500 1436 574 civilium:

332 643 399 691 nec
419 621 537 690 minus
563 621 609 690 de
634 620 791 692 motibus
817 619 1033 692 mentalibus
1057 619 1247 700 memoriae,
1265 621 1439 713 composi-

332 737 440 808 tionis
473 748 512 808 et
540 736 731 818 divisionis,
755 737 893 830 judicii,
923 746 962 809 et
997 736 1227 831 reliquorum,
1253 759 1365 828 quarn
1393 736 1438 808 do

332 853 449 926 calido
471 862 510 924 et
532 853 670 948 frigido,
688 863 751 926 aut
776 853 867 938 luce,
884 863 948 924 aut
970 855 1208 948 vegetatione,
1226 860 1292 922 ant
1316 851 1439 923 simili·

332 971 409 1042 bus.
460 969 535 1042 Sed
559 981 681 1042 tamen
707 993 789 1042 cum
814 979 937 1042 nostra
960 971 1052 1040 ratio
1076 965 1341 1102 mterpretpadi,
1360 977 1439 1061 post

332 1086 514 1158 historiam
531 1095 761 1180 praeparatam
778 1095 818 1156 et
834 1087 1043 1164 ordinatam,
1057 1108 1129 1156 non
1144 1067 1278 1156 montis
1295 1093 1438 1154 tuntum

331 1210 452 1274 motus
478 1211 516 1272 et
542 1200 729 1284 discursus,
747 1204 804 1292 (ut
831 1201 947 1295 logica
969 1200 1137 1294 vulgaris)
1164 1201 1228 1272 sed
1254 1208 1294 1271 et
1319 1223 1439 1271 rernm

333 1329 496 1389 naturam
520 1318 722 1402 intueatur3
748 1319 800 1388 ita
821 1325 982 1388 mentem
1008 1319 1175 1412 regimus,
1192 1327 1235 1386 ut
1251 1316 1297 1386 ad
1320 1338 1438 1388 rerum

332 1443 497 1505 naturam
527 1455 577 1517 sc,
602 1435 696 1528 aptis
720 1457 785 1527 per
809 1434 929 1506 omnia
957 1435 1083 1518 modis,
1107 1433 1288 1528 applicare
1315 1435 1437 1527 pouit.

333 1549 456 1642 Atque
472 1557 660 1643 propterea
675 1549 790 1622 multa
809 1556 848 1621 et
870 1549 1007 1620 diversa
1028 1549 1066 1620 iu
1089 1548 1252 1620 doctrina
1269 1547 1439 1644 iuterpre-

333 1665 475 1736 tutr'onis
491 1666 814 1759 praecipimusque
831 1664 877 1734 ad
894 1665 1055 1757 subjecti,
1066 1666 1113 1735 de
1126 1686 1198 1758 quo
1215 1664 1438 1756 inquirimus,

333 1781 545 1875 qualitatem
562 1790 600 1852 et
616 1780 867 1863 conditionem,
881 1781 1027 1852 modum
1044 1780 1248 1852 inveniendi
1267 1779 1439 1852 nonnulla

332 1920 381 1969 ex
397 1905 499 1990 parte
516 1895 707 1990 applicent.

775 2020 995 2094 CXXVIII.

381 2134 435 2208 At
452 2137 541 2208 illud
560 2137 607 2208 de
623 2137 726 2208 nobis
742 2160 788 2207 ne
805 2138 969 2208 dubitare
987 2137 1133 2230 quidem
1150 2138 1204 2208 fas
1221 2137 1291 2220 sit;
1317 2147 1437 2208 utrum

331 2275 396 2326 nos
420 2253 677 2347 philosophiam
705 2261 744 2324 et
768 2261 863 2324 artes
888 2261 926 2324 et
950 2255 1127 2336 scientias,
1143 2252 1274 2346 quibus
1289 2255 1436 2340 utimur,

331 2373 516 2445 destruere
533 2381 571 2442 et
587 2370 749 2443 demoliri
767 2371 969 2464 cupiamus:
996 2381 1120 2443 contra
1135 2373 1245 2455 enim,
1257 2395 1385 2444 carum
1401 2381 1438 2444 et

331 2511 437 2560 usum
454 2498 493 2559 et
511 2487 649 2559 cultum
668 2495 706 2558 et
722 2486 874 2558 honores
890 2485 1045 2558 libenter
1061 2485 1324 2580 amplectimur.
1362 2487 1438 2559 Ne·

331 2628 402 2698 que
428 2605 525 2676 enim
551 2603 625 2674 ullo
651 2603 758 2675 modo
783 2602 967 2686 afficimus,
985 2605 1071 2696 quin
1097 2605 1182 2687 istm,
1200 2628 1281 2698 quar
1297 2605 1437 2678 invalu-

332 2727 451 2804 erunt,
467 2729 505 2790 et
522 2717 905 2812 disputatiunculam,
923 2727 961 2789 et
984 2741 1162 2790 sermones
1178 2729 1319 2804 ornent,
1337 2729 1378 2792 et
1393 2719 1437 2791 ad

332 2833 542 2928 professoria
562 2855 710 2904 munera
731 2855 773 2903 ac
792 2833 873 2903 vitoe
890 2831 1002 2904 civilis
1019 2834 1230 2926 compendia
1244 2833 1436 2907 adhibean-

331 2959 392 3022 tur
408 2957 446 3020 et
464 2947 627 3032 valeant3
655 2949 808 3040 denique
830 2957 1000 3041 tanquam
1023 2951 1240 3021 numismata
1262 2951 1437 3043 quedam,

331 3089 506 3140 consensu
523 3065 617 3136 inter
637 3063 800 3135 homines
824 3065 1042 3158 recipiantur
1050 3063 1090 3136 ⁷⁵.
1140 3063 1351 3150 Quinetiam
1369 3068 1437 3162 sig·

331 3184 517 3256 nilicamus
541 3191 664 3275 aperte
690 3203 741 3264 ea,
759 3203 842 3272 quae
866 3203 931 3252 nos
955 3181 1176 3265 adducimus,
1198 3183 1244 3252 ad
1271 3184 1359 3254 istas
1383 3205 1436 3254 res

331 3329 402 3378 non
430 3304 585 3376 multum
610 3305 739 3374 idonea
761 3303 902 3386 futura;
928 3325 1012 3374 cum
1033 3303 1079 3374 ad
1096 3302 1194 3398 vulgi
1212 3312 1360 3397 captum
1377 3304 1436 3377 de·

330 3421 415 3491 duci
432 3421 580 3491 omnino
602 3440 673 3490 non
696 3419 842 3512 possint,
861 3417 929 3488 nisi
952 3440 1017 3510 per
1033 3417 1162 3488 effecta
1177 3427 1216 3488 et
1232 3441 1342 3512 opera
1358 3429 1435 3490 tan·

331 3546 423 3606 tum.
472 3533 526 3605 At
553 3533 621 3606 hoc
646 3535 774 3626 ipsum,
792 3534 887 3625 quod
908 3531 954 3604 de
980 3531 1111 3604 affectu
1136 3543 1258 3604 nostro
1281 3543 1321 3606 ct
1344 3533 1437 3606 bona

332 3651 519 3722 voluntate
547 3671 632 3743 erga
665 3650 830 3722 scientias
858 3659 1017 3742 receptas
1043 3651 1204 3734 dicimus,
1221 3673 1330 3743 quam
1354 3675 1436 3724 vera

332 3765 573 3858 profiteamur,
586 3765 715 3859 scripta
732 3775 853 3837 nostra
865 3768 903 3836 in
917 3765 1097 3859 publicum
1114 3767 1213 3838 edita
1226 3767 1436 3860 (presertim

333 3880 414 3952 libri
431 3877 489 3950 Dr
508 3901 694 3976 pruprcrru
720 3881 958 3972 sciendarum)
979 3883 1087 3954 fldem
1113 3881 1255 3953 faciant.
1310 3883 1437 3976 Itaque

332 3997 369 4068 id
388 3995 503 4068 verbis
519 3996 671 4090 amplius
684 3997 826 4068 vincere
844 4021 914 4070 non
932 3999 1150 4070 conabimur.
1178 3999 1275 4070 Illud
1292 4001 1438 4073 interim
1471 4094 1476 4100 .

332 4122 537 4188 constanter
561 4124 598 4185 et
624 4115 757 4187 diserte
782 4137 979 4197 monemus,
997 4115 1053 4187 hia
1073 4117 1200 4202 modis,
1218 4120 1281 4211 qui
1306 4118 1346 4190 in
1370 4141 1436 4190 mu

637 4359 717 4418 ⁷⁸01.
732 4361 846 4418 mam.
882 4362 1034 4436 Alsornpr.
1048 4365 1071 4420 1.
1083 4379 1128 4436 35.
