3078 5180
554 329 643 394 LIB.
659 329 687 396 1.
704 333 756 395 66.
1170 331 1213 398 49

100 501 238 564 utnon
265 492 446 586 patiantur
470 493 650 563 unitatem
675 501 809 564 naturae
835 515 975 585 prorsus
1002 493 1120 564 dirimi
1146 505 1212 565 aut

98 607 271 692 abscindi,
298 617 341 680 ut
367 630 517 679 vacuum
548 609 671 680 detur:
708 619 772 680 aut
799 611 933 701 siquis
961 611 1068 694 dicat,
1094 613 1210 684 inesse

99 725 308 819 corporibus
329 727 528 818 appetitum
552 749 589 797 se
613 726 810 820 recipiendi
831 729 869 796 iu
891 725 1091 798 naturalem
1109 749 1209 798 suam

99 841 361 914 dimensionem
385 841 441 913 vel
467 850 657 925 teneuram,
675 849 728 927 ut,
747 842 777 912 si
800 841 894 912 ultra
919 863 1008 926 eam,
1033 852 1097 914 aut
1122 845 1212 914 citra

98 981 188 1042 eam,
206 951 489 1051 comprimantur
505 969 569 1029 aut
586 959 835 1044 distrahantur,
855 961 977 1030 statim
995 961 1032 1030 in
1050 969 1210 1032 veterem

99 1076 272 1168 sphaeram
297 1084 336 1147 et
357 1077 666 1168 expomectionem
691 1099 790 1146 suam
814 1099 853 1147 se
873 1099 1082 1169 recuperare
1101 1085 1138 1148 et
1156 1100 1212 1148 re-

98 1193 244 1263 mittere
267 1191 478 1262 moliantur:
506 1201 570 1262 aut
591 1194 620 1262 si
642 1195 721 1286 quis
742 1193 848 1276 dicat,
866 1194 981 1264 inesse
1005 1195 1208 1286 corporibus

98 1311 302 1402 appetitum
320 1309 604 1402 congregationis
621 1310 665 1380 ad
684 1331 815 1380 massas
828 1308 1113 1380 connaturalium
1129 1333 1210 1381 suo·

98 1447 187 1510 rum,
201 1427 397 1497 densorum
414 1425 583 1497 videlicet
600 1448 720 1497 versus
737 1425 857 1496 orbem
877 1436 990 1508 terrae,
1005 1428 1209 1497 tenuiorum

98 1553 133 1614 et
159 1545 337 1614 rariorum
362 1565 482 1614 vorsus
507 1541 683 1613 ambitum
710 1543 810 1614 coeli:
840 1542 916 1612 haec
941 1555 979 1614 et
1004 1543 1208 1637 hujusmodi

99 1681 180 1731 vere
196 1659 345 1752 physica
360 1666 445 1728 sunt
462 1681 593 1751 genera
610 1669 785 1730 motuum.
828 1661 883 1728 At
900 1657 962 1729 illa
977 1657 1090 1730 altera
1103 1659 1209 1753 plane

98 1773 212 1868 logica
237 1781 385 1845 suntet
408 1771 626 1857 scholastica,
644 1782 686 1844 ut
708 1797 754 1844 ex
777 1772 844 1845 hac
868 1772 1059 1848 collatione
1083 1799 1207 1848 eorum

99 1894 293 1966 manifesto
311 1893 435 1984 liquet.

148 2009 284 2104 Neque
301 2011 420 2079 minus
436 2010 545 2080 etiam
562 2007 697 2080 malurn
714 2017 779 2092 est,
797 2007 892 2101 quod
913 2009 950 2078 in
974 2007 1208 2102 philosophiis

99 2135 137 2198 et
162 2124 526 2218 contemplationibus
555 2127 638 2208 suis,
667 2126 704 2193 in
735 2125 919 2216 principiis
949 2146 1067 2194 rerum
1099 2134 1207 2218 atque

99 2241 326 2314 ultimatibus
355 2251 489 2312 naturae
519 2239 773 2334 investigandis
800 2249 839 2312 et
870 2240 1072 2325 tractandis,
1102 2263 1209 2334 opera

99 2362 319 2445 insumatur;
345 2381 426 2428 cum
450 2360 565 2428 omnis
589 2357 726 2428 utilitas
748 2367 787 2426 et
809 2355 960 2427 facultas
982 2358 1152 2449 operandi
1170 2360 1207 2427 in

100 2479 223 2548 mediis
247 2476 430 2546 consistat.
483 2472 580 2546 Hinc
603 2475 654 2556 fit,
674 2482 715 2544 ut
737 2473 941 2545 abstrahere
962 2483 1126 2546 naturam
1145 2475 1208 2546 ho·

100 2595 210 2664 mines
230 2613 307 2662 non
328 2591 499 2672 desinant,
520 2590 632 2661 donec
650 2590 694 2660 ad
712 2592 898 2662 materiam
915 2591 1149 2684 potentialem
1168 2603 1207 2664 et

100 2711 292 2781 informem
316 2717 463 2779 ventum
490 2706 619 2794 fuerit;
654 2729 720 2777 nec
749 2729 868 2778 rursus
896 2729 1014 2778 secare
1042 2717 1206 2780 naturam

100 2826 275 2907 desinant,
301 2825 416 2894 donec
447 2830 658 2914 perventum
686 2821 795 2893 fuerit
823 2823 868 2893 ad
898 2831 1080 2910 atomum;
1117 2849 1206 2916 quoe,

101 2943 236 3014 etiamsi
256 2963 340 3011 vera
357 2947 483 3018 essent
502 2946 623 3008 tamen
641 2937 685 3008 ad
697 2938 873 3030 juvandas
889 2937 1076 3010 hominum
1093 2939 1207 3012 fortu-

101 3080 161 3130 nas
177 3079 306 3151 parum
324 3062 481 3148 possunt.

102 3287 241 3360 disproved
254 3291 277 3344 it
288 3287 323 3358 by
333 3305 349 3341 a
358 3286 481 3342 “crucisl
491 3285 634 3341 Instance”
676 3285 733 3342 that
745 3285 835 3358 things
847 3285 931 3359 heavy
941 3287 1072 3358 naturally
1081 3285 1205 3352 descend,

101 3368 163 3423 with
171 3363 524 3436 thcllnromcteronahigh
533 3364 633 3420 Moun-
675 3363 728 3420 and
738 3364 829 3436 things
838 3364 907 3437 light
915 3363 1012 3419 ascend
1025 3365 1061 3437 by
1071 3363 1117 3419 the
1126 3382 1205 3436 apps-

101 3448 164 3502 tuln.
200 3448 242 3518 (n)
254 3445 315 3500 ‘l'he
327 3443 425 3500 second
438 3443 598 3499 illustration
611 3444 634 3498 is
674 3445 721 3499 tite
739 3441 770 3499 ol
784 3442 853 3498 their
870 3461 930 3498 own
946 3454 1048 3506 nature,
1062 3444 1084 3498 is
1098 3442 1206 3514 Peripa·

103 3525 259 3598 Elatiam
279 3521 332 3578 and
350 3523 390 3595 (3)
406 3521 452 3577 the
469 3523 577 3586 lustau
592 3540 632 3577 ar·
674 3523 745 3577 tctic.
782 3521 831 3577 See
851 3521 1002 3576 Aristotlc's
1024 3520 1104 3592 Phys.
1121 3523 1206 3576 Auso.

103 3621 214 3660 roneous
230 3601 362 3676 principle
374 3601 404 3656 ol
413 3601 533 3671 offiaities
544 3601 575 3655 ol
584 3599 632 3655 ho·
674 3599 724 3654 lv.
737 3617 763 3654 v.
776 3615 817 3674 13.
835 3601 871 3654 Τὸ
882 3600 965 3670 μέσον
975 3603 1022 3654 τοῦ
1034 3601 1152 3671 οὐρανοῦ,
1165 3601 1206 3655 καὶ

103 3701 265 3756 mogenoous
283 3680 385 3745 bodies,
398 3679 570 3751 introducing
588 3679 633 3734 the
672 3680 703 3733 τὸ
721 3679 834 3750 ἔσχατον
851 3680 881 3733 τὸ
898 3679 963 3750 πρὸς
979 3675 1044 3748 ἡμᾶς
1059 3680 1105 3748 τῆς
1120 3677 1206 3754 κύκλῳ

103 3761 231 3818 mistakcn
243 3760 401 3830 conception
411 3757 632 3813 olobaolutcdea-
673 3757 767 3828 φορᾶς,
780 3758 850 3812 δοκεῖ
867 3749 930 3812 εἶναι
948 3758 978 3811 τὸ
995 3757 1042 3826 μὲν
1059 3757 1120 3822 ἄνω,
1132 3759 1163 3812 τὸ
1178 3759 1206 3813 δὲ

102 3839 318 3910 aitpondleoity.
339 3835 632 3906 (Ci.elsoll.46.and
673 3835 749 3901 κάτω,
771 3837 886 3904 μάλιστα
906 3837 973 3891 πᾶσι
994 3835 1093 3906 κυρίως,
1115 3835 1155 3891 ὅτι
1176 3839 1206 3892 rd

103 3917 156 3987 48.)
191 3918 251 3973 The
266 3918 358 3972 notion
374 3916 405 3970 oi
420 3915 633 3988 ebcoluielevity
672 3914 719 3983 pir
730 3913 780 3967 oiri
790 3914 868 3983 μένει,
878 3917 924 3968 τοῦ
936 3913 964 3968 δὲ
977 3913 1070 3969 κύκλου
1082 3913 1112 3969 τὸ
1124 3915 1206 3986 ἔσχα-

103 4013 154 4050 was
167 3993 310 4068 disprovcd
326 3994 362 4066 by
377 3992 496 4065 showing
513 3995 571 4049 that
588 3993 633 4049 the
673 4015 719 4048 τον
730 3992 853 4050 ὡσαύτως
864 3994 925 4065 ἔχον
936 3993 1014 4063 μένει.
1045 3991 1138 4056 Ὥστε,
1151 3993 1206 4047 ἐπεὶ

104 4071 261 4146 Phlogirton
288 4073 320 4128 ol
345 4071 421 4128 Stahl
444 4089 498 4126 was
521 4090 537 4126 a
562 4091 633 4130 merc
674 4071 1206 4143 rdpdrrodtpomddmpcpdprudvr'on

105 4149 200 4207 fiction.
245 4150 401 4206 Herschcl’a
425 4149 571 4206 Discoursc
598 4169 632 4206 on
674 4150 764 4222 φύσει,
782 4152 813 4205 τὸ
832 4151 860 4205 δὲ
880 4151 950 4222 βαρὺ
967 4151 997 4206 τὸ
1017 4151 1092 4214 κάτω,
1110 4171 1133 4205 κ.
1144 4172 1168 4205 τ.
1178 4152 1205 4203 λ.

105 4227 166 4284 Nat.
179 4231 249 4286 Phil.
269 4229 361 4302 §336.
398 4228 513 4301 Playiair
531 4230 559 4284 in
578 4229 633 4283 En·
676 4228 718 4284 cl.
732 4229 794 4286 inlr.
808 4229 846 4286 ll.
860 4244 903 4302 35.

105 4309 168 4379 cycl.
179 4309 247 4364 Brit.
261 4310 314 4364 vol.
326 4308 348 4363 1.
362 4326 389 4380 p.
399 4323 461 4379 450.
487 4307 545 4363 'I'ho
557 4308 636 4364 belial

719 4467 741 4515 E
