3078 5180
670 349 721 415 xix

133 508 239 572 radios
254 509 454 595 excipiendos
467 511 587 574 sincere
601 521 633 575 et
648 512 743 597 polita
760 533 835 576 area
849 534 975 598 prorsus
990 513 1087 589 desit;
1110 515 1239 580 necessi-

134 627 183 682 tas
197 619 346 703 quedam
360 619 516 696 incumbit,
532 631 568 685 ut
582 621 674 686 etiam
695 621 766 686 huic
786 622 832 686 rei
852 622 1022 688 remedium
1037 625 1238 708 querendum

134 741 371 815 emeputemm.
661 729 665 736 ’

177 843 278 907 Idola
298 851 413 918 autem,
435 865 456 907 e
476 844 587 930 quibus
605 855 772 932 occupetur
794 847 894 921 Mens,
911 845 960 910 vel
981 845 1134 910 adscititio
1155 855 1236 924 sunt,

134 952 184 1016 rel
209 951 328 1017 innota
374 953 535 1020 Adscititia
550 977 624 1020 vero
647 955 865 1042 immigrcrunt
883 955 915 1019 in
936 965 1054 1020 mentes
1069 956 1236 1032 hominum,

133 1063 183 1128 vel
198 1085 237 1129 ex
254 1064 512 1151 Philosophorum
527 1064 646 1151 placitis
664 1074 697 1130 et
714 1065 812 1140 sectis,
829 1064 931 1129 velex
947 1065 1101 1150 perversis
1115 1066 1236 1152 legibus

133 1175 440 1239 demonstrationum.
485 1176 529 1241 At
550 1175 657 1240 innata
678 1175 831 1239 inhaerent
848 1183 969 1239 naturae
987 1175 1081 1260 ipsius
1100 1175 1236 1240 intellec·

132 1296 193 1361 tus,
209 1286 263 1373 qui
283 1286 325 1351 ad
345 1307 482 1350 errorem
501 1285 593 1371 longe
613 1283 776 1371 proclivior
791 1305 858 1348 esse
872 1282 1126 1370 deprehenditur,
1141 1306 1233 1371 quam

131 1420 248 1462 sensus
296 1399 461 1484 Utcunque
485 1395 565 1461 enim
589 1395 728 1460 homiues
749 1395 807 1460 sibi
829 1395 980 1480 placeant,
996 1403 1028 1460 ct
1048 1395 1079 1460 in
1101 1395 1237 1460 admira-

131 1507 247 1572 tionem
263 1507 375 1572 mentis
389 1508 532 1573 humsuae
551 1531 588 1573 ac
606 1508 673 1573 fere
692 1507 903 1572 odorationem
918 1517 1021 1582 ruant,
1037 1506 1112 1571 illud
1127 1507 1233 1572 certis-
1293 1559 1299 1572 .

128 1619 241 1684 simum
262 1621 431 1686 est-sicut
450 1622 606 1708 speculum
626 1620 777 1706 insequale
791 1641 896 1684 rerum
911 1617 1015 1682 radios
1029 1639 1068 1682 ex
1083 1619 1185 1706 figura
1200 1627 1232 1682 et

128 1729 267 1796 sectione
290 1730 418 1817 propria
442 1733 593 1808 immutat,
618 1732 663 1796 its
688 1742 720 1797 et
745 1740 889 1805 mentem,
915 1751 984 1792 cum
1009 1751 1029 1792 u
1054 1728 1147 1793 rebus
1172 1751 1230 1815 per

127 1859 253 1902 sensum
271 1839 398 1926 patitur,
407 1839 440 1902 in
451 1839 625 1904 notionibus
639 1840 701 1903 suis
714 1838 912 1924 expediendis
924 1849 956 1904 et
969 1839 1230 1904 comminiscendis

126 1950 214 2015 haud
229 1948 347 2035 optima
360 1949 421 2015 lide
440 1971 545 2014 rerum
566 1960 686 2016 nuturae
705 1972 793 2014 suum
814 1960 957 2015 usturam
976 1950 1112 2014 inserere
1127 1961 1159 2015 et
1174 1950 1229 2014 inr-

125 2061 268 2126 miscere.

170 2149 281 2257 Atque
296 2173 402 2259 priora
416 2173 469 2237 illa
483 2173 544 2238 duo
558 2175 725 2238 Idolorom
740 2193 856 2260 genere
871 2194 966 2258 aegre,
982 2182 1138 2257 postrema
1153 2193 1228 2236 vero

124 2284 196 2350 haec
210 2283 294 2348 nrdlo
309 2283 400 2348 modo
415 2282 503 2349 evelli
519 2291 654 2370 possunt
701 2283 738 2346 Id
753 2291 873 2346 tautum
891 2281 1084 2367 relinquitur,
1101 2293 1136 2346 ut
1150 2281 1228 2346 indi-

123 2403 256 2471 eentur;
278 2402 372 2481 utque
392 2404 427 2459 ut
443 2394 488 2458 ris
507 2394 569 2458 ista
589 2393 700 2458 mentis
722 2391 896 2457 insidiatrix
918 2403 1043 2458 notetur
1058 2401 1090 2458 et
1104 2393 1227 2456 convin-

123 2514 225 2581 cetur,
241 2527 281 2570 ne
303 2505 383 2570 forte
405 2527 424 2570 e
448 2504 654 2570 destructione
675 2512 813 2568 veterum
837 2504 908 2568 novi
933 2503 1062 2568 subinde
1084 2525 1225 2568 errorum

122 2615 241 2680 surculi
263 2637 302 2680 ex
325 2615 392 2702 ipse
413 2615 495 2680 mala
516 2616 725 2702 complexione
745 2615 855 2680 mentis
870 2614 1038 2700 pullulent3
1063 2635 1160 2700 coque
1174 2637 1230 2663 ἀα
1250 2661 1294 2676 -..

121 2726 256 2802 recidat,
271 2737 306 2791 ut
321 2749 443 2790 errores
462 2749 523 2790 uon
541 2726 773 2814 extinguentur,
789 2725 844 2790 sed
858 2733 1091 2812 permutentur:
1117 2747 1225 2788 verum

122 2845 276 2913 econtra,
293 2837 416 2902 utillud
432 2836 556 2901 tandem
572 2836 603 2900 in
619 2847 769 2902 eternum
788 2848 891 2901 ratum
906 2846 939 2900 et
953 2835 1047 2899 fixum
1063 2835 1112 2908 sit,
1131 2835 1225 2899 Intel-

120 2948 237 3012 lectum
260 2947 318 3012 nisi
339 2969 397 3034 per
415 2948 636 3024 inductionem,
652 2947 778 3034 ejusque
800 2947 929 3012 formam
952 2943 1130 3032 legitimam,
1141 2943 1225 3028 judi-

120 3082 197 3124 care
212 3082 273 3124 non
287 3082 385 3146 posse.
432 3061 541 3144 ltaque
556 3058 696 3124 doctrina
712 3057 772 3121 ists
791 3056 830 3121 de
850 3055 1074 3142 expurgatione
1089 3054 1224 3118 intellec-

121 3183 183 3248 tus,
210 3181 247 3237 ut
271 3169 337 3258 ipse
362 3173 403 3235 ad
429 3171 591 3236 veritatem
617 3168 728 3235 habilis
753 3169 802 3243 sit,
829 3166 927 3232 trihus
952 3165 1224 3253 redargutionibus

119 3283 312 3349 absolvitur:
351 3282 572 3370 redargutione
602 3277 880 3364 Philosophierum,
910 3274 1130 3362 redargutione
1159 3276 1223 3338 De-

119 3396 388 3471 monstrutionum,
404 3405 436 3461 et
450 3392 670 3480 redargutione
686 3389 827 3455 Rationis
842 3389 985 3452 humente
1000 3385 1121 3450 nativae.
1164 3383 1222 3448 His

119 3529 197 3571 vero
212 3505 381 3592 explicetis,
396 3528 433 3570 ao
451 3514 613 3592 postquem
636 3504 759 3568 demum
781 3499 927 3589 patuerit,
943 3497 1018 3584 quid
1040 3519 1145 3561 rerum
1168 3517 1221 3561 ne-

117 3627 202 3689 tura,
227 3615 302 3702 quid
327 3615 438 3682 mentis
463 3626 577 3680 nature
600 3614 705 3689 ferat3
738 3611 948 3677 existimamus
970 3632 1025 3674 nos
1051 3610 1219 3675 thalamum

117 3727 238 3794 Mentis
262 3737 294 3793 et
317 3726 472 3802 Universi,
495 3726 636 3812 pronuba
658 3723 763 3788 divine
785 3721 932 3797 bonitate,
949 3720 1092 3786 stravisse
1116 3730 1148 3785 ct
1171 3741 1221 3784 or-

115 3863 218 3904 nasse.
264 3836 462 3925 Epithalamii
482 3847 585 3900 autem
601 3843 705 3898 votum
720 3833 769 3910 sit,
785 3842 821 3898 ut
835 3853 874 3896 ex
889 3854 926 3896 eo
941 3830 1091 3896 connubio
1105 3829 1221 3895 auxilie

114 3951 263 4023 humana,
288 3957 320 4012 et
345 3947 439 4034 stirps
464 3947 668 4019 inventorum,
693 3965 762 4030 qum
789 3941 986 4006 necessitates
1015 3963 1050 4005 ac
1080 3940 1219 4004 miserias

115 4061 275 4126 hominum
291 4060 394 4143 alique
409 4081 447 4122 ex
463 4067 553 4144 perte
569 4057 694 4120 doment
709 4064 741 4118 et
755 4053 910 4140 subigant,
926 4051 1118 4138 suscipiatur.

367 4196 444 4260 Hecu
459 4215 532 4261 vero
548 4203 595 4257 est
611 4191 723 4277 Operis
737 4213 810 4277 pars
824 4189 966 4254 secunda.
