3268 5146
670 345 757 410 ΙιΙΒ.
777 345 824 408 ΙΙ.
844 363 892 429 13.
1268 344 1333 413 179

305 509 410 584 foene‘
430 534 557 604 pervus
582 513 620 583 in
645 511 773 584 eodem
799 511 888 594 loeo,
905 510 1066 583 nonnihil
1092 510 1245 580 invicem
1271 531 1334 580 au-

303 637 391 722 gent
416 627 591 711 eeiorem;
620 636 659 698 at
688 649 780 720 equa
807 627 931 720 tepide
962 627 1118 698 immiste
1142 627 1181 697 in
1205 647 1334 718 nquam

305 743 506 814 ferventem
521 740 740 837 refrigeret

231 865 290 932 ³5.
309 861 415 931 More
430 861 585 952 eorporis
605 858 710 929 eulidi
727 867 837 954 unget
853 857 1020 931 eeiorem.
1073 857 1220 929 Etenim
1238 857 1335 929 eulor

304 981 479 1068 perpetuo
509 975 683 1045 truneieus
713 981 752 1044 et
782 992 951 1046 emanans
975 975 1228 1046 enmmienetur
1251 995 1333 1044 eum

305 1090 424 1162 calore
444 1091 743 1182 praeinexietente‚
759 1091 850 1162 eden
867 1099 911 1161 ut
929 1089 1146 1184 multiplicet
1168 1089 1335 1160 celerem.

306 1203 404 1277 Nem
422 1204 522 1276 foeue
547 1227 618 1276 non
638 1227 738 1298 neque
759 1205 924 1277 euleireit
946 1205 1150 1278 cubiculum
1175 1227 1239 1298 per
1259 1227 1337 1276 mo·

307 1345 382 1392 rem
406 1321 601 1403 semihorae,
621 1341 664 1392 ee
688 1323 717 1392 ei
743 1323 840 1392 idem
868 1323 968 1394 inens
991 1321 1096 1394 duret
1121 1340 1186 1415 per
1211 1321 1336 1392 hurum

307 1439 496 1531 integrum.
547 1434 601 1508 At
623 1438 693 1508 hoe
715 1460 787 1508 non
811 1439 1063 1520 swintunam
1087 1439 1221 1510 etenim
1247 1437 1336 1508 lem-

305 1575 369 1647 με
396 1562 459 1624 eut
486 1551 644 1636 candele,
667 1552 706 1622 in
729 1553 849 1645 eliquo
876 1553 954 1624 loen
981 1554 1104 1646 ponite,
1128 1575 1200 1622 nen
1222 1554 1336 1647 magis

306 1669 485 1740 illuminet
516 1691 579 1762 per
604 1690 741 1739 moram
769 1668 986 1749 diuturnum,
1008 1691 1116 1760 quam
1142 1670 1265 1740 stetim
1289 1669 1336 1740 ab

306 1783 443 1856 initio⁵.

233 1901 292 1974 36.
311 1901 469 1972 Irritntio
492 1921 556 1993 per
579 1901 747 1994 frigidum
771 1900 934 1972 ambient
955 1910 1065 1995 unget
1087 1900 1262 1983 celerem
1293 1911 1337 1972 ut

306 2019 343 2087 in
361 2017 450 2087 focis
469 2016 588 2088 videre
610 2025 666 2086 est
683 2039 746 2108 per
769 2014 853 2110 gelu
871 2011 980 2086 aeress.
1031 2015 1138 2099 Quod
1155 2018 1336 2088 existime-

307 2153 387 2204 mur
409 2133 486 2204 fieri
507 2155 580 2202 non
598 2141 740 2202 tantum
757 2153 821 2224 per
837 2129 1102 2203 eonnlueionem
1119 2139 1158 2202 et
1177 2139 1336 2202 eontrac-

307 2251 443 2319 tionem
473 2247 610 2332 celeris,
637 2269 715 2339 qnae
744 2253 802 2317 eet
829 2246 964 2338 speeies
992 2247 1151 2333 unionie;
1182 2246 1243 2318 sed
1273 2270 1337 2340 per

308 2364 640 2457 exasperationem:
665 2361 778 2434 veluti
799 2383 883 2432 eum
908 2362 968 2432 uir
990 2371 1053 2432 aut
1075 2361 1241 2432 baculum
1262 2363 1337 2432 vio-

309 2479 425 2550 lenter
445 2478 692 2570 comprimitur
717 2485 782 2548 nut
806 2474 974 2560 flectitur,
994 2501 1066 2548 non
1092 2478 1138 2549 nd
1163 2485 1336 2570 punctum

308 2593 377 2665 inei
395 2594 520 2686 prioris
543 2591 666 2675 resilit,
684 2591 746 2663 ted
765 2590 914 2664 ulterius
931 2593 967 2664 in
985 2595 1211 2664 contrarium.
1262 2592 1337 2664 ltn-

306 2733 378 2802 que
402 2709 466 2780 fiat
493 2708 644 2803 diligens
671 2709 970 2800 experimentum,
993 2731 1058 2802 per
1084 2707 1251 2780 baculum
1278 2707 1335 2779 vel

307 2825 424 2898 simile
453 2824 589 2917 aliquid
622 2825 822 2896 immistum
855 2824 893 2893 in
921 2823 1111 2907 flammam,
1139 2833 1260 2896 utrum
1289 2825 1336 2896 ed

308 2939 421 3012 lutere
447 2939 603 3011 flammae
629 2961 701 3010 non
728 2947 852 3010 uretur
881 2941 996 3022 eitius,
1020 2963 1127 3033 quem
1155 2943 1192 3012 in
1217 2941 1336 3012 medio

308 3055 469 3127 flammae.

234 3175 295 3249 37.
312 3169 454 3243 Gradus
476 3179 599 3244 autem
619 3171 657 3241 in
675 3170 900 3261 suseeptione
922 3169 1049 3242 celeris
1069 3179 1154 3242 sunt
1177 3170 1337 3263 complu-

279 3347 293 3388 ⁴
324 3347 426 3402 flames
456 3347 617 3418 coneuming
650 3346 765 3418 Oxygen
806 3354 909 3415 accepts
931 3345 1002 3400 Heet
1022 3363 1086 3418 very
1103 3346 1204 3416 eloedy,
1223 3344 1276 3400 aud
1294 3363 1337 3401 re-

233 3425 357 3482 eombine
371 3426 439 3481 their
453 3424 593 3496 strength:
613 3434 701 3488 water,
717 3433 766 3478 not
806 3423 876 3478 teine
888 3423 909 3477 it
920 3423 1028 3495 reedily,
1037 3423 1091 3480 eud
1103 3442 1144 3489 eo,
1154 3424 1221 3478 nter
1231 3439 1336 3480 remov-

233 3504 396 3576 eoneuming
409 3505 439 3570 it,
456 3503 507 3559 but
522 3503 604 3575 being
619 3501 714 3557 heeted
729 3501 766 3574 by
806 3502 854 3574 ing
865 3501 911 3556 the
928 3519 1022 3558 eomes
1039 3503 1070 3557 oi
1085 3501 1157 3558 Heat
1168 3501 1214 3556 the
1225 3501 1337 3557 effoetis

232 3581 310 3636 other
325 3599 426 3646 means,
439 3581 492 3636 and
508 3580 609 3652 having
621 3599 658 3636 no
669 3598 766 3652 proper
806 3579 853 3634 felt
864 3580 907 3635 for
920 3597 994 3634 some
1009 3580 1089 3646 time;
1108 3579 1224 3635 whereas
1242 3596 1279 3635 on
1296 3597 1337 3634 re·

232 3659 304 3725 henr,
320 3659 399 3714 when
420 3659 511 3715 mixed
528 3669 557 3714 at
573 3669 626 3714 two
644 3659 767 3714 different
805 3659 917 3730 mering
928 3677 944 3713 a
955 3659 1057 3724 medie,
1070 3657 1116 3714 the
1132 3657 1202 3730 light
1216 3656 1273 3713 dieu
1288 3667 1338 3713 out

232 3747 433 3808 temperaturos,
443 3755 479 3792 on
491 3737 680 3801 combination.
689 3739 765 3792 takes
806 3738 904 3792 almost
915 3737 1152 3810 instantaneouuly.

232 3833 249 3870 e
273 3833 351 3871 mean
378 3825 554 3886 temperature
578 3815 697 3872 between
720 3817 766 3870 the
841 3814 1063 3888 ⁶Iudryfroety
1075 3813 1189 3870 westher
1202 3815 1248 3871 the
1261 3814 1337 3888 Oxy-

231 3902 295 3949 two.
337 3893 396 3948 'l'ne
417 3893 489 3950 Hent
509 3895 612 3950 {ollone
633 3894 679 3949 the
704 3893 766 3948 law
806 3895 900 3966 genie
918 3913 992 3950 more
1008 3894 1109 3967 reudily
1121 3893 1250 3949 detuehed
1267 3895 1337 3949 irem

231 3970 320 4026 which
336 3971 411 4027 lead·
430 3973 452 4027 it
469 3982 498 4028 to
515 3973 580 4029 tend
597 3971 712 4028 towards
730 3990 767 4027 m
806 3972 1111 4039 theatin-deuotio
1128 3971 1339 4044 drughtofnir

231 4049 411 4121 equilibrium.
806 4051 830 4106 is
859 4052 977 4123 quicker.
1025 4053 1092 4108 Ano
1120 4051 1168 4106 the
1199 4051 1281 4123 erige·
1310 4051 1342 4106 of

268 4127 764 4200 ⁶ir‘ghtdoeeuoteeenrtopene-
806 4130 884 4186 fleme
907 4147 951 4186 ure
974 4130 1021 4185 the
1043 4129 1152 4195 hetteet,
1174 4129 1287 4184 bennun
1310 4129 1342 4184 oi

231 4215 300 4262 true
317 4207 363 4262 the
380 4208 420 4262 eir
437 4225 466 4262 ne
481 4208 553 4263 Heet
570 4207 644 4264 dou.
679 4207 766 4263 'l'here
806 4209 875 4263 their
898 4219 1004 4265 content
1024 4207 1089 4264 with
1112 4208 1158 4263 the
1182 4207 1231 4262 An
1249 4206 1339 4262 which

232 4285 256 4340 ἰ
274 4301 311 4340 no
327 4285 420 4358 etudy
432 4287 632 4358 augmentationi
651 4288 682 4343 of
698 4287 767 4360 light
807 4287 889 4342 ioedr.

232 4362 384 4426 inarnnm,
397 4365 514 4420 aethere
526 4367 549 4421 ie
561 4366 593 4421 oi
604 4365 682 4420 Heet
719 4366 767 4420 Air

860 4481 926 4530 Nn
