3222 5148
293 335 356 397 108
620 327 794 396 NOVUM
817 325 1065 394 ORGANUM.

292 495 389 567 facto
420 501 554 564 naturae
582 494 627 565 ad
656 493 874 587 interrogata
900 491 1128 586 responderet
1136 486 1174 570 ⁴²,
1200 511 1395 583 pancorum

293 634 467 683 annorum
491 619 586 683 esset
610 611 771 680 inventio
796 631 981 680 cansarum
1003 617 1043 679 et
1064 607 1296 680 scientiarum
1319 629 1396 677 om·-

292 731 404 801 nium.

775 840 920 913 cxlll.

345 959 466 1032 Etiam
487 958 647 1030 nonnihil
668 959 870 1030 homiuibus
895 959 970 1052 spei
998 958 1072 1030 lieri
1099 978 1201 1050 posse
1229 962 1396 1048 putamus

295 1079 340 1151 ub
370 1075 536 1169 exemplo
566 1083 687 1146 nostro
715 1072 912 1168 proprio⁴³;
941 1097 1057 1166 neque
1078 1071 1265 1168 jactantiae
1292 1093 1398 1143 causa

294 1195 363 1267 hoc
381 1195 541 1276 dicimus,
559 1192 620 1262 sed
638 1192 732 1284 quod
751 1191 840 1263 utile
858 1192 957 1263 dictu
975 1193 1032 1262 sit.
1083 1191 1123 1262 Si
1141 1191 1202 1282 qui
1224 1187 1396 1272 diffidant,

295 1333 355 1383 me
372 1310 526 1390 videant,
543 1307 724 1379 bominem
741 1309 837 1379 inter
860 1307 1024 1380 homines
1040 1306 1154 1378 emtis
1173 1328 1263 1376 meae
1286 1303 1399 1376 civili-

296 1427 364 1499 bus
380 1427 533 1520 negotiis
552 1423 873 1517 occupatissimum,
890 1447 956 1495 nec
974 1424 1075 1496 lirms
1091 1423 1285 1494 admodum
1302 1419 1399 1493 vale·

298 1541 435 1624 tudine,
463 1540 574 1632 (quod
608 1562 778 1634 magnum
812 1539 921 1612 habet
955 1541 1125 1634 temporis
1155 1539 1397 1632 dispendium)

297 1669 406 1751 atque
431 1659 469 1727 in
493 1657 560 1727 hac
585 1679 624 1727 re
650 1655 754 1749 plane
773 1655 1006 1752 protopirum,
1024 1665 1063 1730 et
1087 1655 1239 1750 vestigia
1263 1653 1399 1725 nullius

297 1782 501 1867 sequutum,
521 1795 637 1866 neque
661 1771 736 1844 heec
761 1775 840 1867 ipsa
864 1796 946 1844 cum
970 1773 1045 1845 ullo
1070 1771 1275 1842 mortalium
1302 1794 1401 1842 com-

297 1891 563 1974 municantem
589 1898 627 1960 et
650 1899 770 1961 tamen
787 1913 908 1962 veram
926 1891 1020 1960 viam
1042 1895 1246 1959 constanter
1265 1889 1400 1982 ingres·

298 2029 389 2090 sum,
413 2015 452 2078 et
476 2006 662 2102 ingenium
687 2006 794 2077 rebus
819 2007 1102 2088 submittentem,
1126 2003 1205 2076 haec
1233 2005 1310 2096 ipsa
1334 2003 1399 2074 ali-

298 2131 474 2216 quatenus
508 2121 564 2211 (ut
596 2121 857 2216 existimamus)
893 2123 1114 2216 provexisse:
1158 2130 1197 2192 et
1230 2121 1399 2216 deinceps

297 2239 451 2321 videant,
474 2237 560 2330 quid
586 2237 631 2308 ab
657 2236 860 2309 hominibus
886 2240 961 2308 otio
989 2237 1262 2322 abundantibus,
1288 2245 1399 2330 atque

297 2377 319 2426 a
341 2353 518 2426 laboribus
540 2353 757 2446 consociatis,
774 2361 881 2446 etque
902 2376 924 2425 a
943 2362 1145 2447 temporum
1166 2354 1398 2438 successione,

297 2468 470 2563 posthaec
492 2468 625 2538 indicia
641 2477 760 2538 nostra
777 2471 1038 2562 expectandum
1055 2471 1121 2556 sit;
1148 2471 1344 2562 presertim
1361 2471 1400 2540 in

300 2585 366 2668 via,
384 2607 462 2676 quae
485 2605 554 2653 non
573 2583 720 2676 singulis
745 2585 967 2656 solummodo
990 2587 1111 2680 pervia
1134 2595 1190 2656 est
1216 2585 1273 2674 (ut
1295 2585 1338 2655 dt
1360 2585 1398 2655 in

297 2700 356 2770 via
380 2698 443 2770 illa
463 2698 652 2793 rationali),
670 2700 731 2770 sed
755 2700 816 2770 ubi
841 2700 1026 2773 bominum
1054 2701 1191 2773 labores
1216 2710 1253 2772 et
1279 2723 1399 2794 operae

300 2816 509 2911 (presertim
530 2823 703 2906 qnantum
726 2815 771 2886 ad
794 2817 1021 2910 experientiae
1042 2817 1244 2910 collectam)
1261 2817 1399 2910 optime

296 2932 469 3013 distribui,
489 2940 528 3003 et
551 2931 680 3003 deinde
706 2935 870 3025 componi
897 2936 1043 3027 possint.
1093 2931 1186 3004 Tum
1212 2935 1309 3005 euim
1335 2934 1400 3004 ho-

295 3051 410 3120 mines
435 3049 527 3120 vires
552 3069 632 3119 suas
658 3071 760 3119 nosse
785 3050 968 3142 incipient,
989 3072 1070 3121 cum
1097 3071 1167 3119 non
1193 3049 1320 3120 eadem
1345 3051 1400 3119 in·

295 3165 398 3248 finiti,
415 3165 477 3236 sed
494 3162 565 3234 alia
580 3162 639 3234 alii
658 3161 921 3256 praestabunt⁴⁴.

330 3421 417 3477 Ἧι
440 3421 503 3493 Any
526 3437 578 3474 one
600 3428 629 3476 to
652 3437 754 3476 ensver
776 3437 827 3474 our
866 3419 968 3494 insight
981 3421 1039 3476 into
1055 3421 1090 3474 all
1105 3417 1236 3476 branches
1252 3419 1283 3475 ol
1295 3421 1400 3477 seleuce

295 3499 433 3571 questions
451 3498 504 3554 and
522 3499 568 3552 tell
585 3515 619 3552 us
630 3497 701 3554 what
713 3495 758 3554 the
771 3499 827 3554 lect
868 3499 1021 3571 (compared
1032 3496 1096 3554 with
1108 3499 1154 3554 the
1165 3499 1280 3570 existing
1292 3508 1360 3554 state
1371 3500 1403 3555 of

295 3578 328 3643 is,
341 3576 394 3632 aud
414 3577 486 3632 what
505 3575 551 3630 the
571 3577 654 3631 result
671 3575 762 3631 would
783 3576 825 3642 be,
866 3578 1045 3650 knowledge),
1058 3576 1112 3631 end
1131 3587 1159 3632 at
1178 3577 1225 3632 the
1244 3595 1317 3632 same
1334 3579 1401 3633 time

295 3656 408 3711 without
428 3671 479 3709 our
497 3653 597 3725 having
617 3653 663 3709 the
681 3653 826 3709 hindrance
866 3657 916 3712 has
939 3657 1006 3712 been
1027 3673 1058 3711 so
1078 3656 1190 3727 aefivuy
1209 3655 1350 3728 employed
1371 3657 1400 3711 in

296 3734 349 3788 aud
362 3733 491 3804 difficulty
498 3731 529 3787 ol
537 3731 621 3804 going
632 3732 749 3805 through
761 3731 826 3788 each
867 3735 912 3790 the
924 3735 1012 3790 affairs
1024 3733 1055 3789 of
1064 3735 1144 3790 eocisl
1156 3734 1200 3789 lile
1210 3737 1220 3786 l

296 3812 438 3884 particular
466 3811 638 3880 experimeut.
680 3811 752 3866 llere
781 3821 826 3868 too
902 3813 929 3853 ⁴⁴
947 3813 1019 3868 Here
1034 3813 1058 3866 is
1076 3812 1123 3868 the
1141 3829 1216 3886 germ
1233 3813 1266 3867 ol
1278 3811 1327 3868 the
1340 3829 1401 3868 mo-

296 3907 377 3961 peeps
398 3893 449 3943 out
470 3888 586 3944 Bucon's
607 3891 737 3960 sanguine
756 3887 827 3962 hope
867 3891 933 3947 dern
950 3891 1077 3963 principle
1092 3891 1124 3945 ol
1137 3891 1287 3946 “Division
1302 3890 1334 3946 ol
1348 3889 1401 3946 La-

295 3968 338 4023 lor
348 3964 515 4038 knowledge.
539 3965 583 4021 lle
594 3966 727 4040 evidently
737 3967 826 4040 hoped
866 3970 957 4026 bcur'’
974 3987 1005 4026 so
1020 3970 1079 4023 well
1096 3967 1187 4024 huwo
1201 3979 1250 4026 out
1261 3969 1299 4041 by
1310 3969 1401 4026 Adam

295 4047 340 4102 lor
350 4061 425 4101 some
437 4044 505 4099 such
518 4046 601 4099 result
612 4055 641 4100 to
652 4047 741 4102 lollow
752 4065 826 4118 upon
868 4049 957 4104 Smith
965 4048 1046 4104 inthe
1052 4047 1201 4120 beginning
1209 4048 1240 4103 ol
1245 4049 1401 4104 hisWealth

296 4122 807 4194 theapplicationolhisnewblethod.
867 4127 898 4183 ol
918 4127 1041 4183 Nations.
1083 4127 1116 4181 ln
1139 4127 1201 4190 this,
1221 4143 1251 4182 es
1273 4127 1303 4182 in
1323 4127 1402 4183 other

332 4201 825 4261 ⁴³llaeon’ereferencetohimsellin
866 4206 967 4278 things,
991 4205 1127 4261 inmmcd
1150 4205 1282 4260 swiltnus
1305 4205 1401 4278 brings

297 4281 350 4336 thie
368 4279 483 4352 placeio
501 4279 627 4353 perlectly
640 4283 707 4354 just.
743 4285 827 4340 What
867 4284 931 4339 with
946 4285 998 4339 its
1014 4284 1071 4338 rislr
1090 4285 1123 4339 ol
1136 4294 1208 4339 want
1225 4291 1257 4339 ol
1272 4283 1400 4355 stability.

297 4357 828 4419 manheloreoralterbashadsueh
870 4363 993 4418 Dividon
1019 4361 1050 4417 of
1075 4361 1183 4418 lahour
1212 4363 1261 4418 has
1290 4379 1401 4434 every
