3268 5146
612 348 700 413 nra.
721 347 768 413 11.
784 363 838 436 37,
853 348 905 433 38.
1242 347 1306 410 aas

206 533 328 581 verum
351 508 493 582 labatur
511 510 623 582 virtus
642 534 665 584 a
686 513 840 582 termino
862 511 908 584 ad
934 511 1136 593 terminum,
1153 518 1192 580 et
1214 509 1307 581 inte·

204 627 271 696 rim
297 625 466 698 subsistat
491 627 529 696 in
554 647 700 719 eorpore
726 628 871 708 medi0;
903 649 949 698 an
974 626 1102 696 borum
1128 624 1218 696 nibil
1248 625 1305 708 sit,

205 749 333 833 praeter
348 763 504 834 corpora,
522 749 561 811 et
576 742 757 824 nauum,
775 750 814 812 et
829 742 966 835 spatia?
1005 739 1129 834 Atque
1145 741 1184 811 in
1200 741 1306 812 radiis

205 856 343 948 optiois,
362 866 401 926 et
417 857 522 938 sonis,
534 865 573 927 et
588 855 715 938 calore,
733 865 773 929 et
788 855 866 929 aliis
883 855 1063 928 nonnullis
1079 857 1306 949 operantibus

205 970 250 1041 ad
275 971 420 1056 distans,
437 971 619 1065 probabile
645 981 709 1058 est,
727 973 846 1045 media
868 995 1015 1066 corpora
1036 972 1174 1066 disponi
1196 981 1236 1044 et
1257 971 1308 1043 al-

206 1089 333 1160 terari:
360 1111 404 1160 eo
421 1090 543 1184 magis,
560 1089 655 1181 quod
672 1089 873 1181 requiratur
890 1089 1048 1161 medinm
1067 1088 1308 1181 qualificatnm

206 1203 251 1275 ad
272 1204 502 1276 deferendam
519 1205 761 1298 operationem
784 1203 903 1276 talem.
954 1204 1009 1274 At
1028 1205 1228 1300 magnetien
1247 1205 1310 1278 illa

207 1320 280 1391 sive
305 1321 435 1391 ooitira
455 1321 566 1390 virtus
592 1320 752 1392 admittit
776 1321 895 1391 media
916 1327 1085 1412 tanquam
1107 1318 1308 1413 adiaphora,

207 1455 274 1508 neo
298 1436 492 1530 impeditur
509 1437 621 1508 virtus
646 1439 682 1507 in
701 1438 892 1530 omnigeno
913 1436 1045 1508 medio.
1089 1435 1194 1522 Quod
1211 1437 1241 1508 si
1258 1435 1310 1507 nil

208 1555 259 1625 rei
286 1554 417 1624 habeat
446 1554 557 1624 virtus
585 1552 648 1624 illa
676 1563 740 1624 aut
769 1554 864 1624 aotio
893 1576 977 1624 oum
1006 1574 1151 1645 eorpore
1178 1553 1308 1636 medio,

207 1669 369 1762 sequitur
393 1670 487 1762 quod
513 1671 561 1740 sit
578 1671 690 1740 virtus
712 1677 776 1741 ant
796 1670 890 1741 notio
912 1668 1083 1740 naturalb
1104 1669 1150 1740 ad
1168 1677 1310 1762 tempus

209 1783 430 1869 nonnullum,
456 1793 496 1857 et
524 1786 562 1855 in
591 1784 670 1856 loeo
701 1784 882 1870 nonnullo,
909 1785 1103 1857 subsistens
1134 1785 1210 1856 sine
1235 1807 1312 1856 our·

207 1921 318 1994 perer
348 1923 431 1971 eum
456 1923 573 1992 neque
598 1900 766 1972 subsistat
796 1902 834 1970 in
859 1899 1062 1993 corporibus
1087 1901 1312 1971 terminanti-

210 2017 285 2102 bus,
311 2039 378 2088 neo
407 2019 445 2087 in
475 2018 614 2089 mediis.
668 2020 788 2104 Quare
818 2019 911 2090 aetio
944 2017 1146 2111 magnetica
1179 2019 1311 2110 poterit

211 2153 288 2204 esse
322 2131 491 2202 imaeue
524 2130 678 2216 divortii,
706 2134 799 2205 eirca
832 2141 995 2204 naturam
1030 2153 1244 2225 corpoream,
1273 2138 1311 2201 et

210 2248 388 2319 notionem
413 2245 623 2319 naturalem.
679 2248 748 2320 Oui
773 2249 842 2320 boo
867 2249 972 2341 adjiei
998 2255 1116 2342 potest
1141 2255 1311 2339 tanquam

211 2361 435 2434 corollarium
467 2371 529 2432 aut
563 2362 702 2434 luorum
736 2387 808 2434 non
841 2362 1206 2456 praetermittendum:
1245 2363 1312 2432 vin.

212 2478 307 2570 quod
331 2479 441 2548 etiam
457 2478 652 2549 seeundum
677 2503 820 2552 sensum
837 2478 1099 2572 philosophanti
1116 2479 1207 2548 sumi
1234 2500 1313 2570 pos-

210 2595 258 2665 sit
274 2589 477 2688 probatioffl,
489 2595 583 2686 quod
601 2597 672 2667 sint
689 2597 796 2679 entia,
814 2605 852 2666 et
868 2595 1074 2666 substantiae
1091 2602 1259 2688 separata
1275 2603 1314 2664 et

211 2711 435 2803 incorporeae.
462 2709 502 2780 Si
519 2711 614 2781 enim
627 2713 739 2783 virtus
755 2721 794 2783 et
810 2713 903 2783 aetio
921 2710 1099 2794 naturalis,
1112 2732 1313 2781 emanansa

212 2849 368 2919 corpore,
378 2827 570 2898 subsistere
586 2830 697 2920 possit
714 2825 833 2921 aliquo
851 2835 1021 2919 tempore,
1032 2835 1071 2898 et
1086 2825 1206 2918 aliquo
1224 2826 1314 2908 loco,

214 2943 358 3012 omniuo
383 2943 459 3014 sine
485 2964 651 3037 corpore;
677 2966 786 3037 prope
812 2951 867 3014 est
891 2952 933 3013 ut
955 2941 1066 3035 possit
1089 2942 1199 3013 etiam
1220 2963 1316 3014 ema·

213 3081 296 3129 nare
322 3061 358 3128 in
383 3059 517 3153 origine
542 3080 606 3129 sua
629 3059 868 3130 asnbstantia
889 3059 1104 3151 incorporea.
1156 3055 1316 3128 Videtur

213 3179 308 3248 eninr
332 3200 402 3248 non
426 3178 543 3247 minus
568 3177 698 3269 requiri
725 3185 852 3247 natura
876 3197 1043 3267 corporea
1066 3175 1111 3244 ad
1137 3173 1315 3243 actionem

213 3293 411 3365 naturalem
435 3293 704 3364 sustentandam
727 3301 765 3363 et
789 3291 1042 3374 devehendum,
1060 3311 1167 3382 quarn
1184 3289 1230 3360 ad
1253 3311 1316 3359 ex·

213 3409 395 3481 uitandam
410 3417 474 3480 aut
490 3409 740 3504 generandam.

651 3571 884 3646 XXXVIII.

264 3692 472 3786 Sequuntur
495 3691 653 3784 quinque
682 3691 822 3762 ordines
847 3689 1104 3774 instantiarum,
1131 3709 1217 3780 quas
1241 3709 1316 3759 uno

213 3809 387 3881 vocabulo
413 3807 570 3902 generali
596 3807 780 3879 instantias
808 3803 1022 3902 lampadem,
1047 3807 1122 3878 sive
1147 3801 1317 3900 informo-

215 3924 321 3996 tionis
348 3923 485 4020 primu,
510 3922 689 4017 appellare
718 3925 974 3996 consuevimus.
1027 3921 1088 3992 Eae
1118 3930 1213 4004 sumt,
1239 3943 1316 4015 quae

243 4123 747 4198 ”Ibiatooranattempttoprove
787 4141 866 4180 eausa
889 4123 951 4197 they
969 4141 1083 4197 proposa
1107 4123 1201 4195 chiefly
1219 4133 1248 4178 to
1270 4139 1318 4178 en·

212 4201 448 4259 theuxisteneeol
464 4221 498 4258 an
513 4205 676 4276 inoorporeal
688 4203 745 4260 Na·
785 4202 887 4275 ligbten
914 4221 966 4258 our
992 4203 1059 4258 dark
1083 4219 1182 4267 sunm,
1205 4199 1259 4256 and
1288 4209 1317 4258 to

214 4280 670 4354 turebythesenses-isstrange.
786 4283 865 4338 melre
894 4299 944 4337 our
973 4281 1167 4355 apprehension
1193 4278 1225 4334 ol
1250 4279 1317 4335 acu

251 4357 277 4398 ³⁰
302 4357 440 4415 Instanoes
459 4359 492 4414 oi
512 4360 557 4414 tbe
582 4359 676 4431 Lamp,
700 4359 746 4415 be-
787 4369 981 4416 moreoorract.
