3268 5146
641 349 731 418 LIB.
747 349 795 418 11.
809 367 863 438 45.
1236 355 1298 420 281

197 515 234 585 in
267 535 422 587 concavo
455 537 568 610 usque
600 517 646 588 ud
676 516 830 589 fundum
859 515 982 611 pelvis.
1038 515 1300 593 Locnveramus

196 639 320 704 autern
348 634 447 728 prius
479 632 666 730 globulum
695 635 734 706 in
764 635 878 707 fundo
906 632 1030 728 pelvis,
1058 657 1298 730 superquam

197 747 406 843 campanula
431 751 647 844 imponenda
673 759 777 824 esset.
833 749 953 835 Quare
979 749 1069 822 illud
1099 751 1298 837 eveniebat,

196 872 239 934 ιιι
261 865 290 936 si
315 864 482 961 globulus
506 864 568 938 ille
593 874 687 940 esset
712 864 931 938 minusculus
950 865 1029 960 (pro
1054 867 1192 940 ratione
1215 891 1299 941 con·

196 982 289 1076 cavi)
305 983 482 1076 reciperet
502 1005 540 1054 se
560 984 620 1054 adr
642 984 680 1054 in
705 981 824 1054 locum
850 983 1035 1067 minorem,
1052 991 1091 1054 et
1108 983 1299 1058 contrude-

196 1103 296 1168 retur
323 1097 449 1182 solnm,
480 1121 553 1170 non
582 1097 845 1171 extruderetur.
898 1096 1006 1182 Quod
1039 1098 1067 1170 si
1101 1100 1298 1194 grandioris

196 1222 291 1285 esset
306 1214 573 1309 magnitudinis,
590 1236 698 1308 quarn
726 1223 766 1286 ut
790 1215 850 1285 adr
875 1212 1029 1285 libenter
1043 1214 1200 1301 cederet,
1218 1225 1297 1290 tum

195 1330 256 1400 adr
276 1329 418 1423 majoris
440 1353 609 1425 pressure
630 1329 829 1423 impatiens,
847 1326 1094 1422 campanulam
1111 1353 1157 1402 ex
1178 1330 1298 1427 aliqua

195 1461 298 1544 purte
313 1451 486 1535 elevabat,
503 1461 542 1524 et
557 1454 595 1523 in
610 1450 716 1525 bullis
732 1450 955 1524 ascendebat.

246 1565 371 1638 Etiam
396 1567 441 1638 ad
464 1565 685 1661 probandum
701 1564 843 1659 qualem
861 1566 1107 1638 extensionem
1126 1564 1213 1657 (non
1230 1570 1298 1639 mi-

196 1704 264 1754 nus
280 1705 389 1776 quum
405 1684 717 1779 compressionem)
735 1690 918 1777 pateretur
936 1683 1005 1763 a'e'n
1024 1681 1097 1755 tale
1113 1682 1296 1776 quippiam

195 1800 477 1892 practicavimus.
528 1800 648 1872 Ovum
672 1801 826 1871 vitreum
851 1799 1063 1892 accepimus,
1080 1821 1164 1872 curn
1188 1822 1297 1893 parvo

196 1917 370 1990 foramine
398 1918 437 1988 in
463 1939 536 1988 uno
563 1925 726 1988 extremo
755 1917 824 1990 ovi.
875 1914 1010 1989 Aerem
1044 1917 1296 2011 perforamen

196 2034 404 2106 exsuctioue
429 2032 513 2105 forti
539 2033 763 2116 attraximus,
788 2039 826 2102 et
849 2032 971 2104 statim
997 2032 1111 2127 digito
1136 2032 1296 2104 foramen

196 2147 285 2220 illud
302 2149 566 2232 obturavimus;
592 2157 631 2220 et
650 2170 757 2220 ovum
779 2148 817 2219 in
839 2169 968 2240 aquam
993 2148 1240 2232 immersimus,
1257 2157 1297 2222 et

195 2265 281 2338 dein
308 2266 459 2360 digitum
486 2267 709 2338 removimus.
761 2264 837 2336 Aer
860 2285 946 2336 vero
973 2273 1117 2336 teneura
1145 2262 1208 2337 illa
1231 2288 1297 2359 per

196 2383 443 2454 exsuctionem
454 2382 549 2454 facta
561 2389 688 2466 tortus,
701 2388 741 2453 et
757 2382 870 2475 magis
883 2402 991 2473 quam
1007 2401 1072 2474 pro
1089 2389 1217 2452 natura
1232 2403 1297 2454 suu

196 2495 375 2582 dilatatus,
392 2497 544 2590 ideoque
569 2518 608 2568 se
633 2496 789 2590 recipere
805 2503 844 2568 et
861 2496 1069 2569 contrahere
1093 2497 1212 2568 nitens
1230 2497 1297 2588 (ita

196 2624 239 2685 ut
263 2616 292 2685 si
318 2636 425 2685 ovum
450 2613 540 2685 illud
565 2614 602 2686 in
627 2635 756 2707 squam
773 2635 846 2685 non
864 2614 990 2686 luisset
1005 2615 1221 2698 immersum,
1238 2616 1298 2686 a'e'-

196 2751 272 2802 rem
296 2732 414 2824 ipsum
439 2731 607 2802 traxisset
630 2753 715 2802 cum
739 2729 858 2824 sibilo)
876 2752 1005 2823 aquam
1021 2732 1133 2804 traxit
1155 2731 1200 2801 ad
1223 2729 1297 2802 tale

148 2859 151 2866 ·
196 2855 381 2939 quantum,
394 2846 500 2940 quale
518 2845 678 2919 sufficere
693 2854 812 2941 posset
828 2847 874 2917 ad
888 2846 966 2930 hoc,
977 2853 1020 2918 ut
1035 2847 1097 2918 aab
1112 2847 1296 2941 antiquam

196 2971 419 3058 recuperaret
436 2962 606 3057 spheram
623 2964 698 3036 sive
715 2963 984 3034 dimensionem.

245 3078 370 3174 Atque
395 3087 532 3152 certum
558 3089 622 3165 est,
643 3101 789 3174 corpora
814 3080 976 3152 tenuiora
996 3078 1115 3174 (quale
1140 3088 1197 3152 eat
1221 3079 1295 3168 a'e’r)

195 3198 269 3291 pati
299 3198 579 3270 contractionem
613 3196 820 3269 nonnullam
853 3195 1059 3278 notabilem,
1087 3204 1130 3267 ut
1158 3197 1297 3268 dictum

195 3322 276 3386 est:
312 3323 351 3386 at
383 3335 529 3407 corpora
567 3313 753 3408 tangibilia
786 3311 907 3407 (quale
945 3321 1001 3384 cst
1039 3311 1147 3407 aqua)
1181 3311 1297 3384 multo

195 3431 331 3525 agrius,
362 3438 400 3502 et
432 3429 477 3501 ad
512 3431 630 3502 minus
663 3432 818 3523 spatium
853 3430 1039 3523 patiuntur
1069 3429 1298 3522 compressio·

194 3568 290 3618 nem.
341 3543 495 3629 Qualem
511 3553 633 3617 autem
653 3545 819 3638 patiatur,
837 3545 900 3624 teli
918 3547 1164 3638 experimento
1182 3544 1299 3639 inqui·

194 3661 351 3732 sivimus.

244 3777 343 3850 Fieri
370 3777 521 3850 fecimus
546 3776 692 3873 globum
719 3799 767 3849 ex
793 3775 941 3872 plumbo
965 3799 1102 3862 cavum,
1120 3777 1185 3870 qui
1210 3775 1299 3849 duas

193 3891 334 3965 circiter
361 3895 479 3988 pintus
506 3894 657 3966 vinarias
685 3896 909 3979 contineret;
940 3917 1096 3988 eumque
1122 3894 1208 3966 satis
1235 3916 1299 3987 per

194 4006 306 4082 lutera
323 4031 497 4095 crassum3
523 4016 565 4082 ut
587 4011 757 4104 majorem
775 4012 849 4082 vim
872 4011 1076 4084 sustineret.
1128 4009 1175 4081 In
1195 4007 1298 4080 illum

192 4147 319 4218 aquam
344 4127 567 4211 immisimus,
583 4149 647 4221 per
669 4127 826 4200 foramen
850 4127 982 4200 alicubi
1004 4126 1163 4210 iactum3
1189 4132 1298 4217 atque

193 4242 353 4316 foramen
375 4242 475 4330 illud,
490 4250 678 4337 postquam
700 4243 828 4340 globus
854 4265 947 4338 aqua
969 4243 1141 4338 impletus
1163 4239 1298 4323 brisset,

193 4358 340 4453 plumbo
374 4360 565 4453 liquefacto
595 4361 848 4443 obturavimus,
879 4370 921 4433 ut
953 4359 1082 4457 globus
1117 4355 1300 4429 deveniret
