3268 5146
323 323 390 388 214
653 323 824 392 Novum
844 321 1095 390 ossellum.

325 491 364 562 in
398 489 602 582 corporibus
637 488 851 572 inanimatis,
884 511 992 583 quom
1026 509 1148 562 sensus
1183 487 1221 558 in
1254 487 1434 570 animetis,

326 614 472 701 propter
500 607 717 699 paucitatem
746 627 958 698 orgenomm
989 627 1123 678 sensns
1175 600 1301 696 Atque
1325 604 1435 696 hujus

327 722 380 796 rei
400 721 557 792 ostendit
579 743 617 792 se
639 720 846 814 exemplum
862 720 968 794 rnlde
991 721 1222 794 menifestum
1244 721 1283 792 in
1303 717 1435 790 dolori·

328 837 406 910 bus.
458 836 604 909 Etenim
626 858 738 929 quum
764 837 839 910 sint
862 837 965 930 pluro
987 859 1121 932 genae
1144 836 1276 910 doloris
1296 837 1335 906 in
1357 836 1435 907 eni-

328 952 490 1037 melibus,
520 960 561 1026 et
593 959 762 1045 tnnqnem
796 954 882 1026 vuii
917 952 1012 1026 illius
1042 952 1272 1037 ebmeoteren
1304 949 1434 1042 (veluti

329 1069 419 1142 nlius
453 1078 510 1142 eet
542 1069 645 1142 dolor
677 1069 840 1152 ustionis,
872 1068 965 1142 nlius
996 1068 1136 1162 frigoris
1169 1067 1314 1148 intensi,
1342 1066 1435 1138 nlius

329 1195 525 1281 puncturis,
560 1186 652 1258 elius
691 1185 969 1278 compressionis,
1002 1183 1096 1256 nlius
1132 1183 1360 1266 extensionis,
1394 1190 1437 1254 et

329 1303 514 1395 similium)
541 1301 779 1374 certissimum
807 1312 863 1374 est
888 1301 1008 1374 omnis
1042 1300 1114 1384 ille,
1140 1299 1257 1392 qnoed
1281 1307 1432 1382 motum,

330 1421 444 1492 inesse
470 1418 675 1512 corporibus
699 1418 925 1501 inenimotis;
953 1415 1065 1490 veluti
1090 1415 1200 1510 ligno,
1221 1424 1287 1488 ent
1312 1413 1434 1508 lepidi,

331 1557 414 1606 cnm
440 1533 565 1616 uritur,
587 1542 650 1604 eut
675 1557 739 1630 per
763 1532 848 1627 gelu
872 1533 1137 1627 constringitur,
1163 1540 1229 1606 ent
1250 1533 1431 1627 pungitur,

330 1659 395 1722 eut
426 1649 606 1733 scinditur,
632 1658 697 1722 eut
725 1649 894 1732 flectitur,
923 1657 987 1720 eut
1014 1649 1203 1731 tunditur;
1238 1655 1279 1720 et
1306 1649 1357 1720 eie
1386 1647 1432 1720 ds

330 1764 430 1852 eliis;
459 1765 544 1836 licet
572 1785 643 1836 non
670 1764 873 1836 subintrent
900 1785 1036 1850 sensus,
1063 1771 1208 1857 propter
1233 1763 1431 1838 uboenlmm

331 1883 475 1976 spiritus
489 1880 662 1954 enimnlis.

382 1999 479 2072 Item
512 1999 688 2072 instantior
720 1992 944 2094 conserens65
975 1995 1084 2090 (quod
1118 1997 1251 2068 mirum
1284 1995 1431 2069 fortusse

331 2117 446 2204 dictu)
471 2123 556 2190 sunt
584 2114 719 2188 radices
745 2123 784 2188 ot
808 2114 897 2186 remi
927 2113 1141 2207 plentnrnm.
1191 2111 1313 2186 Omne
1336 2113 1434 2186 enim

332 2231 532 2329 vegetabile
556 2231 771 2314 intumescit,
789 2239 827 2302 et
852 2229 1015 2302 extrudit
1037 2237 1157 2323 portes
1182 2229 1219 2301 in
1243 2229 1433 2302 circumle-

331 2351 495 2432 rentinm,
512 2357 586 2420 tem
612 2367 750 2420 sursum
767 2367 874 2438 quom
897 2345 1072 2418 deorsum.
1127 2343 1261 2438 Neque
1283 2343 1358 2416 elin
1379 2351 1438 2418 ent

332 2465 532 2536 differentia
555 2465 715 2536 rodinum
732 2471 771 2534 et
786 2483 980 2546 remorum,
995 2485 1102 2556 quem
1130 2463 1229 2555 qnod
1253 2461 1358 2534 rndix
1382 2463 1438 2534 in-

332 2580 497 2652 cludetur
513 2580 550 2650 in
567 2590 670 2662 terra,
688 2587 727 2650 et
749 2579 838 2650 remi
856 2588 1081 2673 exponentur
1103 2580 1174 2652 eliri
1199 2586 1237 2650 et
1262 2577 1339 2650 soli.
1391 2577 1433 2651 Si

333 2697 414 2790 quis
429 2697 525 2768 euim
541 2696 692 2789 accipiet
708 2715 845 2768 remum
863 2705 1028 2770 tenerum
1047 2705 1085 2768 et
1102 2703 1272 2791 vegetum
1289 2695 1437 2778 arboris,

333 2821 442 2906 etque
457 2810 560 2884 illum
577 2809 738 2884 reflectet
754 2812 791 2882 in
808 2811 963 2904 nliqunm
981 2822 1083 2886 terre
1106 2810 1331 2905 perticulam.
1348 2810 1436 2884 licet

333 2953 405 3002 nnn
422 2927 596 3000 cohercet
620 2926 686 3019 ipsi
711 2928 796 3010 solo,
813 2927 928 3022 gignit
952 2929 1076 3002 stetim
1101 2951 1175 3000 non
1201 2947 1353 3011 remum,
1370 2926 1434 2998 sed

333 3047 499 3118 redicem.
551 3041 676 3138 Atque
698 3042 776 3116 vice
794 3065 904 3128 rerer,
921 3044 950 3116 si
973 3053 1067 3116 terre
1091 3051 1244 3137 ponetur
1263 3043 1436 3136 ruperim,

332 3172 441 3257 etque
458 3164 510 3234 ite
525 3161 730 3235 obstruetur
745 3158 873 3254 lepide,
891 3169 955 3234 eut
976 3160 1095 3254 ulique
1116 3161 1206 3234 dure
1227 3161 1436 3244 substentie,

333 3289 377 3350 ut
401 3277 524 3372 pionte
552 3277 770 3360 cohibentur,
796 3299 864 3349 nec
893 3278 1004 3371 possit
1030 3277 1253 3352 frondescere
1283 3297 1434 3360 numum,

334 3395 419 3468 edet
434 3417 551 3466 remos
567 3392 604 3464 in
621 3395 741 3466 eiirem
757 3393 934 3466 deorsum.

386 3509 482 3582 Item
508 3509 685 3580 instantiis
709 3505 901 3604 conformer
925 3517 1020 3592 sunt,
1042 3509 1179 3604 gummi
1203 3509 1380 3592 orborum,
1396 3517 1441 3582 et

334 3626 515 3721 pleraeque
541 3647 693 3720 gemmus
721 3627 874 3718 rupium.
937 3623 1100 3720 Utroque
1130 3627 1228 3702 onim
1256 3627 1307 3700 nil
1339 3626 1439 3702 eliud

335 3751 430 3824 sunt,
448 3764 555 3835 quom
572 3741 824 3816 exsudationes
849 3751 888 3814 et
912 3743 1169 3836 psmolntiones
1194 3739 1437 3818 succorumffi:

336 3861 372 3934 in
390 3860 505 3954 primo
521 3881 653 3954 genere
669 3859 814 3944 scilicet,
832 3883 1019 3932 succorum
1036 3883 1082 3933 ex
1101 3861 1307 3946 arboribns3
1329 3861 1369 3934 in
1385 3882 1443 3936 se·

336 3975 463 4059 cundo,
482 3997 529 4046 ex
546 3977 660 4061 sexis;
683 3975 779 4046 unde
795 3975 955 4071 gignitur
971 3975 1144 4049 claritudo
1161 3985 1201 4048 et
1218 3977 1386 4072 splendor
1401 3979 1438 4048 in

369 4197 865 4271 ‘illenpoltbeeeexnmplesere
905 4201 1166 4274 on'ginoigerns:
1191 4202 1439 4260 whiebmom·

333 4276 520 4351 rcryienciiul
531 4275 585 4332 end
597 4279 707 4334 useless.
906 4277 1314 4351 nentedsritbCrystnllisntion.

368 4357 394 4396 Μ
410 4356 479 4413 'l'his
498 4356 551 4412 will
570 4357 688 4430 scarcely
706 4356 741 4412 do
760 4356 802 4411 ior
821 4357 865 4412 the
