3078 5180
545 339 632 404 ΗΒ.
658 340 683 405 Ι.
701 357 752 426 73,
766 357 816 422 74·
1188 336 1228 401 61

116 502 344 595 assignasse;
371 523 443 571 non
468 501 588 572 ordine
612 505 751 574 inverso
768 502 938 585 evenisse,
957 513 999 572 ut
1014 525 1061 574 ex
1078 501 1231 596 philoso-

116 618 208 711 phia
232 627 271 688 et
294 639 480 689 causarum
500 620 714 713 cognitione,
732 620 808 710 ipsa
825 619 1070 711 experimenta
1085 621 1232 690 inventa

117 743 185 804 ant
211 735 426 826 deprompta
450 743 577 806 essent.
630 732 757 827 Itaque
779 737 910 806 mirum
935 757 1006 806 non
1032 745 1118 816 erat,
1136 737 1231 830 apud

117 849 316 946 AEgyptios
334 849 410 943 (qui
435 873 553 921 rerum
575 851 818 923 inventoribus
840 852 1064 922 divinitatem
1088 861 1125 922 et
1147 875 1231 924 con·

117 968 363 1070 secrationem
389 966 644 1061 attribuerunt)
668 966 786 1060 plures
812 968 920 1038 fauisse
945 969 1131 1040 brutomm
1155 971 1231 1040 ani-

118 1082 276 1156 malium
293 1085 477 1178 imagines,
491 1106 598 1176 quam
613 1083 817 1154 hominum:
836 1084 921 1177 quia
934 1083 1039 1155 bruta
1053 1085 1230 1169 animalia,

117 1223 186 1294 per
204 1201 399 1272 instinctus
415 1197 605 1285 naturales,
619 1197 733 1271 multa
749 1201 896 1271 inventa
908 1209 1144 1294 pepererunt3
1168 1200 1229 1270 ubi

118 1317 299 1400 homines,
318 1339 364 1388 ex
385 1315 606 1388 sermonibus
629 1325 667 1387 et
689 1315 973 1388 conclusionibus
989 1315 1232 1400 rationalibus,

119 1455 240 1527 pauca
258 1442 323 1504 aut
340 1431 439 1503 nulla
455 1431 692 1504 exhibuerint.

172 1547 231 1621 At
267 1549 508 1620 chemieorum
543 1546 746 1620 industria⁵1
777 1549 948 1621 nonnulla
978 1525 1141 1644 peperit;
1167 1551 1228 1622 sed

120 1675 300 1756 tanquam
330 1663 479 1736 fortuito
509 1673 549 1735 et
574 1664 699 1748 obiter,
724 1673 787 1736 aut
817 1689 881 1760 per
906 1668 1231 1759 experimentorum

121 1781 309 1875 quandam
341 1783 581 1866 variationem,
614 1783 669 1874 (ut
697 1783 894 1854 mechanici
924 1782 1054 1873 solent)
1084 1805 1156 1854 non
1186 1807 1232 1854 ex

121 1909 204 1970 arte
221 1907 287 1970 aut
300 1896 438 1970 theoria
449 1897 588 1991 aliqua;
613 1919 696 1968 nam
713 1922 765 1981 ea,
776 1921 884 1991 quam
901 1898 1160 1981 confinxerunt,
1171 1922 1234 1970 ex-

122 2015 331 2106 perimenta
346 2015 458 2108 magis
475 2012 670 2107 perturbat,
689 2036 795 2106 quam
806 2015 921 2106 jurat.
961 2011 1095 2084 Eorum
1111 2014 1232 2097 etiam,

124 2131 188 2223 qui
208 2131 245 2200 in
264 2131 383 2224 magia
397 2130 518 2222 (quam
534 2131 677 2221 vocant)
691 2128 843 2200 naturali
861 2131 991 2201 versati
1009 2137 1104 2212 sunt,
1121 2151 1233 2222 pauca

123 2247 356 2340 reperiuntur
385 2247 551 2332 inventa3
577 2268 689 2338 eaque
720 2245 822 2328 levia,
854 2255 892 2316 et
922 2247 1124 2338 imposturae
1154 2268 1234 2338 pro-

124 2365 237 2455 piora.
290 2361 475 2446 Quocirca,
492 2363 794 2454 quemadmodum
818 2363 854 2432 in
884 2361 1055 2457 religione
1078 2370 1233 2445 cavetur,

125 2489 169 2550 ut
185 2479 276 2550 fides
294 2479 523 2571 exoperibus
539 2488 776 2561 monstretur;
803 2478 899 2550 idem
917 2479 1027 2550 etiam
1048 2478 1093 2549 ad
1117 2477 1232 2572 pbilo-

124 2595 291 2690 sophiam
306 2597 444 2688 optime
460 2595 668 2677 traducitur,
682 2605 724 2666 ut
739 2618 786 2666 cx
803 2595 977 2666 fructibus
987 2595 1181 2687 judicetur,
1195 2604 1233 2666 ct

124 2737 218 2786 vana
241 2713 414 2784 habeatur
436 2733 515 2803 quaa
538 2711 667 2784 sterilis
688 2714 755 2784 sit:
781 2713 889 2804 idque
906 2734 950 2784 eo
966 2712 1090 2807 magis,
1108 2713 1137 2782 si
1156 2709 1234 2782 loco

124 2831 311 2902 fructuum
329 2851 405 2898 uvae
422 2837 461 2901 et
477 2827 590 2912 olivae,
604 2830 776 2922 producat
792 2829 1074 2922 disputationum
1092 2839 1132 2900 et
1148 2850 1233 2900 con-

125 2949 333 3020 tentionum
350 2945 498 3017 carduos
515 2953 554 3016 et
571 2942 731 3038 spinas52.

594 3105 775 3181 LXXIV.

177 3209 362 3304 Capienda
387 3213 496 3282 etiam
521 3218 606 3280 sunt
633 3211 733 3302 signa
759 3231 805 3278 ex
836 3209 1064 3310 incrementis
1089 3215 1127 3277 et
1153 3230 1234 3302 pro-

125 3328 305 3424 gressibus
335 3325 635 3421 philosophiamm
661 3335 699 3396 et
724 3325 964 3396 scientiarum.
1020 3321 1109 3407 Quae
1135 3325 1231 3394 enim

161 3535 186 3576 ⁶¹
205 3536 248 3591 To
259 3536 333 3592 them
341 3553 381 3591 we
389 3553 446 3592 owe
455 3534 568 3598 alcohol,
577 3551 659 3606 aqua·
699 3534 763 3590 with
773 3541 849 3605 great
858 3531 1033 3604 approbation
1041 3553 1051 3597 ;
1062 3531 1133 3587 ierit
1142 3533 1231 3604 points

125 3617 212 3680 fortis,
231 3615 345 3670 ritriolio
362 3615 431 3679 acid,
449 3615 554 3670 volatile
572 3612 659 3678 alkali,
699 3623 808 3668 outone
817 3612 940 3667 esoenual
949 3610 1104 3666 distmction
1113 3611 1231 3666 haccon

125 3693 302 3767 gunpowder‚
314 3693 368 3748 and
389 3693 466 3748 other
486 3691 658 3756 discoveries;
699 3691 815 3746 Andent
832 3689 885 3745 and
904 3689 1020 3744 Modern
1033 3689 1231 3762 Physica—ie.

124 3775 208 3846 byno
219 3789 312 3828 means
324 3771 482 3844 despicable,
495 3769 600 3843 though
612 3779 660 3825 not
700 3770 745 3827 tbs
763 3770 875 3826 absence
894 3769 923 3824 in
944 3769 990 3824 the
1010 3768 1109 3824 former
1129 3771 1160 3825 ol
1178 3787 1231 3840 any

125 3863 155 3910 to
173 3853 208 3909 be
230 3850 372 3923 compared
391 3850 456 3906 with
476 3849 553 3905 those
571 3849 658 3904 which
699 3851 872 3921 experimere:
897 3848 1059 3903 οὸιαναῆοιι
1084 3847 1147 3921 they
1167 3849 1230 3916 had,

125 3951 166 3988 ve
178 3932 247 3987 have
259 3931 333 3986 sinos
343 3928 447 3986 arrived
464 3937 492 3983 at
508 3928 545 4001 by
557 3927 602 3984 the
618 3945 658 3982 re-
699 3947 728 3984 aa
747 3922 808 4000 may
819 3928 853 3983 be
871 3945 933 3982 scen
951 3927 1110 3998 universally
1124 3927 1152 3982 in
1168 3929 1230 3983 Ari·

125 4013 206 4086 gular
218 4027 344 4082 progress
362 4010 393 4064 oi
408 4007 524 4064 Modern
537 4006 659 4062 Cherub·
700 4009 777 4064 stotle
784 4029 793 4072 ς
811 4005 861 4062 hut
869 4005 915 4060 tha
926 4015 1027 4061 tortura
1038 4006 1070 4061 oi
1080 4006 1182 4062 Nature
1193 4008 1231 4078 hy

125 4100 179 4163 try.
217 4089 267 4144 See
293 4087 336 4143 Sir
359 4088 405 4143 W.
420 4086 574 4142 Herschel's
596 4085 659 4140 Dis·
699 4087 862 4157 experiment
885 4083 948 4157 they
972 4083 1018 4140 did
1045 4095 1094 4140 not
1120 4094 1231 4140 venture

125 4187 222 4226 course
234 4185 272 4224 on
284 4166 348 4222 Nat.
362 4165 431 4221 Phil.
446 4167 461 4235 t
475 4181 533 4236 103.
700 4182 783 4236 upon.
820 4163 1019 4236 Consequendy
1030 4162 1099 4218 their
1110 4163 1229 4219 discove-

162 4248 189 4290 ⁶²
207 4247 332 4304 sunnon
344 4255 373 4302 to
385 4246 426 4302 st.
435 4243 512 4300 Lake
523 4245 608 4312 vim,
616 4259 659 4315 43·
700 4244 752 4300 rice
762 4242 851 4314 might
862 4242 895 4298 be
907 4242 1155 4307 cadombutwcre
1168 4257 1230 4294 use-

127 4326 240 4400 Dngald
262 4325 373 4382 Stenart
394 4324 463 4380 Phil.
482 4324 513 4379 oi
531 4322 577 4378 the
599 4321 659 4376 Hu-
700 4323 753 4378 less
764 4321 818 4376 and
830 4321 925 4377 barren
940 4321 970 4376 oi
983 4321 1048 4375 ituit
1059 4319 1102 4375 ior
1113 4317 1156 4374 the
1168 4335 1231 4388 pro·

127 4425 192 4464 man
212 4405 302 4470 Minu,
324 4411 385 4476 part
398 4403 436 4459 11.
456 4402 533 4473 chap.
546 4402 582 4456 iv.
604 4402 619 4468 t
635 4417 659 4456 1.
700 4395 801 4458 motion
814 4401 844 4456 oi
853 4399 954 4456 human
966 4398 1118 4470 happiness.

129 4487 216 4558 (note)
228 4494 323 4559 quotes
335 4493 394 4555 pm
405 4482 436 4539 oi
449 4481 502 4538 this
515 4479 660 4552 Aphcrism
