3222 5148
296 329 361 396 174

299 963 356 1034 17.

300 2119 358 2185 18.

300 3281 358 3356 19.

300 3745 360 3810 20.

624 331 795 397 NOVUM
816 331 1067 397 ORGANUM.

372 495 418 566 de
437 492 518 564 aliis
540 493 702 588 planetis,
720 519 784 588 pro
807 497 955 568 modulo
978 519 1043 567 nuo
1067 495 1216 578 calorin;
1241 491 1398 588 exempli

370 612 495 705 gratia,
511 609 642 684 Jorem
662 613 776 706 magis
800 613 895 705 apud
917 635 981 684 noe
1006 611 1212 696 calefacere,
1229 634 1313 682 cum
1337 633 1400 704 po·

368 727 456 798 situs
481 729 528 798 eit
552 728 619 798 nub
641 727 790 812 Canem,
813 739 876 800 aut
901 729 1036 810 Leone,
1057 751 1166 820 qnam
1186 727 1253 800 nub
1275 727 1399 820 Onpri-

371 866 489 924 cnmo,
506 852 569 914 aut
586 841 755 936 Aquario.
1350 825 1357 848 ¹

374 956 602 1029 Credendum
624 967 689 1041 est,
707 957 819 1028 solem
842 960 969 1051 ipsum,
986 968 1024 1030 et
1047 959 1210 1052 planetas
1230 956 1399 1049 reliquos,

371 1073 485 1167 magis
510 1071 703 1145 calefacere
728 1075 766 1144 in
791 1075 951 1167 perigaeie
976 1074 1060 1158 suia,
1085 1082 1232 1166 propter
1255 1073 1400 1166 propin·

371 1189 547 1281 quitatem
581 1190 627 1260 ad
661 1198 803 1274 terram,
831 1213 938 1283 quam
972 1192 1010 1260 in
1041 1185 1237 1283 apogaeis⁹¹.
1293 1187 1399 1272 Quod

369 1305 399 1375 ei
436 1307 589 1388 eveniat,
623 1314 665 1375 ut
703 1306 740 1374 in
774 1303 893 1397 aliqua
931 1306 1077 1400 regione
1113 1304 1165 1376 sol
1208 1304 1256 1374 nit
1292 1301 1399 1373 simul

373 1422 409 1489 in
444 1420 606 1514 perigaeo,
640 1431 679 1492 et
712 1422 856 1514 propius
895 1422 942 1492 ad
982 1419 1297 1514 perpendiculum
1339 1441 1402 1490 ue·

372 1557 469 1607 cesse
492 1543 557 1618 ent,
575 1545 618 1606 ut
634 1538 747 1631 magia
770 1536 963 1620 calefaciat,
981 1559 1089 1629 quam
1111 1538 1149 1607 in
1171 1536 1317 1629 regione
1337 1533 1400 1604 ubi

371 1650 425 1722 ool
446 1652 493 1721 sit
509 1651 674 1723 similiter
694 1652 729 1722 iu
748 1652 910 1746 perigaeo,
928 1653 989 1724 ned
1006 1653 1120 1748 magis
1139 1651 1185 1722 ad
1202 1649 1399 1743 obliquum

371 1765 477 1836 Adeo
495 1775 537 1838 ut
554 1769 770 1860 comparatio
790 1767 1018 1838 exaltationis
1041 1767 1268 1862 planetarum
1284 1766 1400 1836 notari

373 1882 513 1967 debeat,
531 1893 638 1975 prout
659 1906 705 1953 ex
727 1884 979 1977 perpendiculo
1002 1893 1066 1956 aut
1083 1884 1298 1976 obliquitate
1322 1903 1402 1975 par·

372 2000 508 2092 ticipet
524 2001 722 2071 mcundum
739 2002 923 2095 regionum
944 2001 1163 2072 varietatem.

376 2115 439 2186 Sol
464 2117 584 2198 etiam
609 2125 648 2188 et
673 2114 839 2188 similiter
864 2115 991 2208 reliqui
1017 2114 1181 2208 planetu,
1206 2113 1401 2184 calefacere

373 2233 486 2326 magis
507 2233 767 2311 existimantur,
785 2253 867 2302 cum
884 2231 1009 2303 sintin
1028 2232 1194 2324 proximo
1215 2231 1261 2300 ad
1279 2227 1401 2301 stellas

372 2347 461 2418 lixae
490 2347 662 2438 majorem
694 2345 807 2418 veluti
837 2371 921 2418 cum
947 2346 1001 2418 nol
1031 2348 1179 2440 ponitur
1201 2346 1240 2415 in
1267 2344 1402 2426 leone,

372 2463 485 2556 magis
510 2463 644 2533 vicinus
669 2463 712 2532 fit
737 2461 845 2532 Cordi
873 2461 1013 2545 Leonis,
1031 2461 1163 2533 Ceudoe
1195 2459 1336 2544 beonia
1361 2469 1402 2532 et

373 2577 487 2670 Spicoe
505 2577 676 2672 Virginis,
704 2587 742 2649 et
764 2579 868 2663 Sirio,
894 2587 933 2650 et
962 2576 1151 2658 Caniculae,
1182 2597 1292 2669 quum
1317 2596 1400 2646 cum

373 2696 518 2787 ponitur
549 2694 588 2763 in
617 2692 765 2776 Cenem,
796 2695 857 2765 ubi
888 2703 1007 2764 tamen
1038 2693 1151 2786 magle
1185 2692 1323 2762 sistitur
1353 2690 1401 2761 ad

373 2806 708 2904 perpendiculum⁹².
768 2808 892 2902 Atque
930 2808 1146 2880 credendum
1183 2815 1248 2888 est,
1282 2814 1400 2899 partes

371 2927 452 2999 ooeli
478 2927 648 3018 majorem
674 2925 863 3004 infundere
888 2923 1043 2994 calorem
1064 2923 1165 3010 (licet
1188 2923 1235 2993 ad
1262 2930 1399 2994 tactum

372 3046 521 3116 minime
544 3039 826 3135 perceptibilem)
844 3061 915 3132 quo
939 3040 1050 3132 magia
1070 3046 1203 3109 omatoe
1224 3039 1300 3108 sint
1316 3034 1401 3108 utel·

372 3161 426 3244 lie,
444 3160 643 3254 praesertim
660 3156 863 3251 majoribus.

376 3275 535 3348 Omnino
568 3273 664 3346 onlcr
693 3270 892 3343 coeleetium
926 3279 1079 3364 nugetur
1112 3270 1226 3340 tribue
1259 3267 1399 3350 modis3

373 3393 543 3464 videlicet
576 3413 622 3462 ex
653 3387 916 3482 perpendiculo,
946 3409 992 3458 ex
1023 3385 1291 3477 propinquitate
1324 3381 1399 3451 eive

373 3510 535 3601 perigaeo,
562 3514 601 3578 et
634 3527 681 3576 ex
711 3503 962 3596 conjunctione
995 3502 1070 3572 sive
1103 3499 1282 3570 consortio
1314 3493 1402 3567 etel-

373 3624 498 3694 larum.

378 3737 556 3831 Magnum
574 3739 718 3807 omniuo
739 3733 920 3806 invenitur
943 3729 1172 3802 intervallum
1188 3729 1284 3800 inter
1306 3725 1403 3798 calo-

375 3969 826 4042 l'hioiennecncnglrinitoelf:
868 3967 1085 4040 explanationes
1105 3983 1198 4022 coum
1221 3965 1254 4030 ir,
1279 3963 1402 4020 thettlre

297 4056 347 4112 but
361 4073 390 4109 aa
405 4054 452 4109 the
467 4070 528 4116 eun,
541 4050 618 4106 when
634 4050 663 4104 in
677 4049 828 4121 Pcrigee,ia
870 4047 978 4103 Barth’s
992 4045 1062 4100 Heet
1078 4044 1187 4099 reaches
1201 4043 1236 4098 ita
1249 4041 1401 4098 Maximum

297 4141 316 4165 ‘¹
324 4133 410 4204 magio
427 4129 462 4186 ad
479 4129 648 4202 obliquum‚”
666 4145 706 4182 we
722 4125 828 4198 huppen
869 4126 952 4181 about
987 4125 1122 4194 Anguste
1157 4123 1216 4194 just
1251 4137 1282 4176 ιι
1318 4121 1402 4175 abunt

297 4222 326 4268 to
344 4212 412 4268 have
431 4210 478 4265 tho
497 4209 599 4264 eoldest
617 4207 731 4262 weather
750 4207 827 4261 when
870 4220 885 4258 2
903 4203 1091 4258 delenirem.
1110 4201 1134 4256 ir
1151 4201 1198 4256 the
1217 4199 1320 4255 hcttut
1337 4199 1402 4254 time

297 4291 343 4346 the
355 4291 414 4346 Suu
425 4290 449 4344 in
460 4284 717 4343 nearcattheearth.
869 4279 1026 4353 oltlredny.

383 4369 426 4424 Gi.
439 4384 528 4438 supra,
542 4365 633 4420 ll.12.
648 4363 715 4418 lmt.
726 4379 749 4417 ι.
769 4361 828 4416 'l'hc
