3156 5176
326 336 393 400 310
654 331 828 400 novuti
851 327 1099 397 ORGANUM.

378 499 468 592 (17.)
495 495 552 568 Sit
575 503 696 568 motus
720 493 880 566 decimor
904 495 1087 587 repumoa,
1111 499 1225 564 noas
1247 489 1432 564 rotationis

325 623 532 710 rpoatoocro
541 609 589 700 ⁹⁸‚·
626 633 826 706 perquem
855 631 1001 704 corpora
1027 618 1131 682 motu
1158 611 1365 705 gaudenda,
1393 619 1431 680 et

325 730 420 803 benc
448 723 631 813 colloc'ata,
656 735 784 800 natura
807 749 872 800 rua
896 727 1075 812 fruuntur,
1100 733 1210 820 atquc
1237 727 1354 819 reipra
1376 745 1431 797 te-

325 858 493 942 qnnntur‚
514 869 588 919 non
612 846 733 930 aliud;
758 853 798 918 ct
822 855 995 938 tanquam
1019 845 1180 939 proprior
1202 851 1335 938 petunt
1357 865 1432 914 am·

322 964 462 1058 plexus.
524 962 670 1036 Etenim
700 963 868 1032 videntur
895 981 1043 1055 corpora
1074 969 1140 1033 ant
1173 981 1318 1032 morare
1351 960 1430 1030 aine

323 1083 499 1166 termium
524 1089 588 1152 aut
604 1079 710 1174 plana
732 1079 936 1172 quiescera3
962 1083 1026 1148 aut
1049 1078 1133 1150 farri
1156 1077 1202 1149 ad
1223 1077 1429 1156 tammum,

322 1199 385 1271 nbi
411 1222 475 1293 pro
500 1207 628 1271 natura
649 1221 714 1270 ona
738 1207 802 1271 aut
824 1205 955 1282 rotent,
973 1205 1037 1268 ant
1059 1199 1253 1290 quiescant
1303 1193 1429 1288 Atque

323 1337 401 1408 quae
417 1313 511 1387 bane
528 1312 701 1386 collocata
717 1321 810 1396 aunt,
829 1312 858 1384 ai
878 1321 980 1384 motu
996 1312 1185 1407 gaudeant,
1202 1317 1350 1384 movent
1366 1331 1431 1405 per

323 1431 516 1503 circulum:
542 1439 646 1501 motu
663 1429 799 1501 scilicet
821 1437 955 1502 aeterno
972 1437 1011 1501 et
1027 1429 1178 1500 infinito.
1223 1427 1314 1511 Quae
1334 1427 1429 1499 bona

322 1546 497 1622 collocata
513 1556 606 1630 suut,
625 1555 663 1616 et
685 1555 825 1616 motum
842 1545 1047 1630 exhorrent,
1063 1559 1205 1638 prorant
1227 1544 1428 1636 quiescunt.

324 1661 414 1747 Quae
439 1685 513 1734 non
538 1661 631 1733 berre
656 1661 829 1733 collocata
854 1667 949 1745 aunt,
974 1669 1123 1734 movent
1147 1661 1185 1730 ln
1210 1659 1306 1732 linea
1331 1667 1430 1730 recta

322 1783 509 1874 (tanquam
525 1777 669 1850 tramite
685 1777 967 1871 brevissimum
984 1779 1163 1850 consortia
1178 1796 1325 1849 tuorum
1342 1797 1429 1848 con-

321 1895 550 1967 naturalium.
601 1892 746 1988 Recipit
761 1903 885 1966 autern
900 1901 1020 1966 motor
1040 1894 1112 1965 iate
1125 1891 1310 1965 rototooir
1326 1889 1429 1964 dille-

322 2011 454 2082 tentiae
471 2031 610 2082 novem.
657 2009 826 2094 Primam,
844 2012 958 2083 centri
976 2011 1041 2095 aui,
1058 2011 1152 2081 circa
1168 2009 1264 2102 quod
1281 2029 1430 2104 corpora

320 2134 490 2197 movent:
515 2127 718 2210 secundam,
744 2125 907 2220 polorum
930 2147 1087 2208 mamm,
1108 2145 1215 2219 supra
1236 2146 1328 2218 quoa
1351 2145 1430 2196 mo·

321 2249 430 2313 vent:
457 2241 611 2326 tertiam,
635 2242 930 2314 circumferentiae
954 2243 1030 2314 aive
1054 2242 1211 2314 ambitur
1236 2243 1302 2325 rui,
1319 2249 1429 2335 prout

321 2356 457 2428 dictant
473 2379 495 2428 a
511 2367 658 2430 centro:
683 2365 860 2451 quartam,
877 2357 1094 2430 incitationis
1110 2379 1192 2441 auae,
1209 2365 1317 2450 prout
1333 2357 1429 2430 celc-

320 2473 392 2544 rius
409 2483 472 2545 aut
489 2474 624 2547 tardius
642 2483 785 2547 rotant:
813 2477 987 2569 quintam
1001 2475 1290 2567 consequutionia
1307 2481 1428 2546 motus

319 2595 385 2677 tui,
401 2593 515 2666 veluti
537 2593 584 2665 ab
607 2595 744 2667 oriente
767 2595 805 2665 in
828 2595 1063 2678 occidentem,
1080 2601 1144 2666 aut
1165 2593 1213 2664 ab
1239 2593 1427 2665 occidente

319 2705 357 2780 in
383 2710 580 2781 orientem:
610 2719 761 2796 sextam,
788 2711 1036 2784 declinationis
1060 2734 1083 2782 a
1107 2709 1240 2782 circulo
1265 2710 1427 2803 perlecto

318 2845 385 2919 per
406 2827 514 2919 spirae
539 2825 681 2922 longius
703 2836 767 2899 aut
789 2829 934 2922 propior
959 2827 1133 2899 distantes
1148 2846 1171 2897 a
1187 2833 1315 2898 centro
1336 2845 1425 2898 ouo:

318 2943 518 3036 septimam,
549 2941 797 3015 declinationis
825 2967 848 3016 a
878 2941 1010 3015 circulo
1036 2943 1198 3037 perfecto
1224 2961 1290 3036 per
1315 2943 1427 3036 spirat

318 3055 459 3154 longius
484 3069 548 3131 aut
576 3060 720 3154 propius
749 3059 923 3132 distanter
952 3059 1090 3154 apolia
1118 3059 1213 3131 auia:
1249 3071 1425 3141 octamm,

319 3173 497 3247 dictantiae
525 3175 697 3269 propioris
725 3184 790 3249 aut
814 3174 983 3272 longioris
1008 3176 1179 3270 spirarum
1207 3195 1350 3247 auarum
1379 3175 1426 3248 ad

317 3289 494 3364 invicem:
518 3311 650 3364 nonam
667 3299 706 3364 et
727 3291 905 3377 ultimam,
922 3293 1125 3364 variationis
1147 3293 1305 3386 ipsorum
1326 3290 1426 3385 polo-

317 3429 408 3491 rum,
426 3405 455 3477 εἰ
477 3409 549 3479 sint
565 3405 737 3480 mobiles:
764 3429 842 3500 quae
864 3409 941 3503 ipsa
956 3408 1001 3479 od
1023 3407 1239 3480 rotationem
1255 3428 1330 3478 non
1347 3429 1426 3501 pcr-

317 3521 421 3606 tinct,
439 3523 507 3594 nisi
525 3521 588 3596 fiat
605 3522 832 3596 circulariter.
877 3523 1002 3618 Atque
1018 3525 1087 3597 iate
1103 3531 1223 3596 motus
1240 3524 1425 3595 commnrri

318 3645 357 3709 et
379 3638 576 3710 inveterata
596 3640 762 3732 opinione
784 3638 938 3710 habetur
959 3661 1024 3732 pro
1046 3640 1189 3733 proprio
1211 3639 1425 3711 coeleatium.

318 3751 495 3825 Attamen
522 3755 639 3848 gravis
665 3755 711 3826 dc
738 3753 801 3826 illo
829 3753 1001 3828 motulis
1029 3763 1086 3828 cat
1110 3757 1206 3828 inter
1232 3755 1426 3828 nonnullos

317 3877 392 3943 tam
414 3893 460 3943 err
483 3873 639 3964 antiquio
663 3895 770 3965 quam
795 3873 984 3958 modernis,
1004 3873 1064 3967 qul
1090 3873 1296 3946 rotationem
1322 3884 1426 3946 terr-e

317 3987 567 4060 attribuerunt.
618 3984 672 4058 At
691 3987 808 4060 multo
832 3987 979 4060 fortasse
997 3989 1130 4082 justior
1151 3997 1319 4062 moretur
1340 4013 1426 4063 eorr-

318 4105 495 4190 troversia,
516 4103 561 4198 (ai
578 4104 686 4176 modo
703 4127 759 4178 rea
777 4128 849 4178 non
866 4107 914 4179 rit
931 4107 1076 4180 omnino
1098 4117 1203 4181 extra
1219 4119 1426 4182 controver-

529 4336 555 4378 ⁹⁸
573 4337 617 4394 Gt
630 4355 720 4412 rann,
735 4337 854 4412 11,μά
867 4337 990 4406 finano
1003 4338 1042 4396 ll.
1055 4339 1156 4414 μοι.
1171 4358 1196 4396 2.
