3268 5146
341 364 408 438 276
671 369 846 436 NOVUM
868 368 1116 435 ORGANUM.

341 541 406 606 aut
427 533 621 628 impediat3
647 557 730 606 cum
748 542 869 608 tamen
892 535 930 606 in
947 535 1075 606 eodem
1091 555 1224 630 genere
1246 555 1321 603 una
1343 532 1451 604 aliam

342 649 465 719 domet
482 656 520 720 et
537 651 746 744 extinguat:
772 649 899 736 veluti,
917 650 982 721 lux
998 649 1093 735 solis,
1110 648 1229 720 lucem
1246 647 1452 730 cieindelae3

342 765 479 836 sonitus
502 765 713 850 bombardae,
731 789 880 851 vocem;
906 767 1031 838 fortior
1055 765 1156 851 odor,
1179 763 1451 846 delicatiorem

341 880 515 954 intensior
543 881 647 968 calor,
674 883 933 966 remissiorem
967 881 1099 954 lamina
1125 881 1209 952 ferri
1239 879 1452 973 interposita

342 1000 437 1069 inter
470 1007 674 1092 magnetem
704 1007 742 1070 et
771 998 868 1070 alind
903 999 1049 1081 ferram,
1074 997 1321 1090 operationem
1352 1017 1452 1090 mag-

343 1117 446 1186 netis.
499 1113 638 1187 Vemm
655 1114 702 1185 de
725 1115 780 1188 his
806 1138 957 1208 quoque,
975 1115 1070 1186 inter
1091 1109 1307 1184 adminicula
1329 1109 1454 1182 induc-

344 1230 460 1315 tionis,
478 1231 546 1303 erit
563 1231 723 1324 proprius
740 1231 883 1303 dicendi
900 1230 1010 1303 locus.

824 1393 968 1468 XLIV.

394 1509 518 1606 Atque
536 1512 582 1584 de
598 1513 788 1598 instantiis,
808 1536 888 1606 quae
898 1513 1029 1606 juvant
1046 1531 1200 1591 sensnm,
1212 1509 1290 1601 Jam
1308 1507 1450 1578 dictum

345 1637 419 1702 est:
440 1652 518 1721 quae
534 1630 703 1722 praeoipui
721 1652 805 1701 usus
823 1639 905 1700 sunt
922 1630 968 1699 ad
985 1635 1123 1722 partem
1140 1621 1452 1697 informativam⁵⁴.

346 1744 556 1816 Informetio
579 1745 673 1814 enim
694 1746 821 1840 incipit
844 1767 997 1816 asensu.
1048 1741 1102 1813 At
1118 1743 1324 1812 universum
1343 1763 1453 1835 nego-

345 1863 436 1934 tium
471 1861 602 1932 desinit
635 1863 671 1931 in
707 1884 834 1955 opera:
878 1871 987 1955 atque
1021 1857 1324 1953 quemadmodum
1359 1856 1452 1928 illud

344 1979 568 2073 principium,
584 1979 636 2049 ita
653 1977 720 2050 hoc
743 1979 822 2050 finis
843 1981 893 2049 rei
911 1988 977 2050 est.
1029 1977 1234 2069 Sequentur
1257 1974 1380 2068 itaque
1398 1973 1454 2044 in-

345 2095 484 2167 stantiae
506 2095 671 2188 precipui
695 2117 779 2166 usus
802 2096 848 2167 ad
867 2101 1005 2190 purtem
1029 2091 1251 2188 operativum.
1303 2088 1366 2162 Eae
1390 2112 1455 2184 ge-

346 2231 430 2279 nere
455 2209 533 2280 duae
555 2218 648 2296 sunt,
665 2233 813 2282 numero
838 2219 996 2304 septem:
1022 2230 1110 2302 quas
1134 2209 1325 2288 universas,
1343 2229 1456 2301 gene-

345 2326 410 2396 rali
428 2329 582 2411 nomine,
599 2327 784 2398 instantius
795 2327 972 2423 practicus
994 2323 1174 2420 appellare
1191 2324 1452 2396 consuevimus.

348 2441 543 2538 Operatiooe
556 2453 677 2516 autem
689 2443 807 2540 portis
819 2445 906 2516 vitia
922 2435 1005 2528 duo,
1016 2443 1240 2534 totidemque
1258 2441 1455 2536 dignitates

346 2560 594 2631 instantiarum
618 2563 657 2630 in
674 2585 816 2654 genere.
868 2558 949 2633 Aut
973 2562 1068 2632 enim
1086 2558 1179 2632 fallit
1199 2559 1371 2652 operatio,
1388 2565 1454 2628 aut

347 2684 471 2746 onerat
488 2677 603 2746 nimis.
655 2675 763 2748 Fallit
784 2678 942 2772 operatio
964 2676 1121 2748 maxime
1139 2675 1353 2768 (praesertim
1372 2682 1455 2767 post

348 2790 557 2887 diligentem
581 2801 786 2866 naturarum
808 2792 1085 2887 inquisitionem)
1105 2801 1251 2886 propter
1273 2790 1369 2862 male
1392 2789 1454 2860 dc·

348 2909 556 2980 terminatas
581 2918 619 2980 et
644 2919 864 2982 mensuratas
889 2931 1076 3002 corporum
1100 2907 1192 2980 vires
1217 2915 1256 2978 et
1282 2905 1454 2978 actiones.

350 3021 456 3097 Vires
478 3033 600 3097 autem
617 3035 655 3096 et
671 3027 829 3099 actiones
850 3047 1036 3118 corpomm
1054 3024 1394 3096 circumscribuntur
1417 3036 1455 3095 et

349 3152 608 3227 mensurantur,
619 3153 682 3216 aut
699 3167 763 3237 per
780 3143 894 3237 spatia
910 3142 989 3224 loci,
1002 3151 1066 3214 aut
1082 3163 1146 3235 per
1162 3150 1347 3212 momenta
1364 3151 1456 3212 tem-

350 3261 452 3353 poris,
467 3268 531 3331 aut
547 3283 612 3354 per
629 3260 796 3334 unionem
815 3259 950 3353 quanti,
963 3267 1026 3328 aut
1043 3281 1107 3352 per
1122 3259 1455 3352 praedominantiam

350 3373 513 3444 virtutis:
539 3396 621 3466 quae
644 3382 807 3466 quatuor,
826 3373 893 3443 nisi
915 3371 1048 3441 fuerint
1072 3371 1183 3464 probe
1206 3379 1245 3441 et
1262 3369 1457 3465 diligenter

350 3489 538 3581 pensitata,
562 3497 669 3560 erunt
691 3489 838 3561 fortasse
862 3491 1017 3561 scientiae
1041 3486 1285 3582 speculatione
1309 3488 1455 3580 quidem

350 3601 521 3696 pulchrae,
540 3606 602 3676 sed
625 3629 731 3699 opere
754 3606 925 3678 inactivae.
978 3605 1172 3677 Instantius
1193 3627 1278 3676 vero
1301 3615 1456 3698 quatuor

351 3721 488 3802 itidem,
506 3741 585 3812 quae
603 3720 674 3792 huc
692 3721 907 3804 referuntur,
924 3743 996 3792 uno
1020 3720 1164 3792 nomine
1180 3717 1368 3792 instantiae
1385 3745 1457 3792 suo-

353 3831 550 3906 tltcmoticcs
568 3859 742 3921 vocamus,
760 3845 798 3908 et
815 3837 1000 3910 instantius
1017 3860 1197 3910 mensure.

390 4005 416 4045 Μ
433 4005 485 4060 We
497 4023 573 4062 come
586 4024 648 4063 now
659 4017 688 4064 to
699 4007 745 4064 tha
759 4007 831 4064 third
844 4007 884 4064 di·
924 4008 1086 4080 operativa,”
1098 4025 1130 4064 or
1141 4007 1187 4064 the
1199 4007 1401 4064 Mathematical
1413 4009 1459 4064 ln·
1589 4059 1590 4080 q

353 4084 440 4140 vision
463 4084 494 4140 oi
514 4085 561 4140 the
580 4085 762 4158 Pterogntivcs
786 4087 817 4142 oi
838 4085 885 4142 In·
925 4095 1047 4151 stances3
1072 4085 1127 4142 aud
1148 4089 1189 4156 (π)
1209 4086 1287 4142 those
1307 4087 1398 4142 which
1418 4107 1459 4144 re·

354 4163 686 4220 stantes-“Iustances
715 4165 827 4237 tending
856 4175 885 4220 to
924 4165 1137 4237 lieve“prnxis”
1149 4165 1459 4236 iromtoogmtaload

355 4243 514 4299 Praetice:’'
550 4243 624 4300 these
653 4261 698 4299 ara
727 4242 885 4300 subdividcd
925 4245 956 4300 oi
970 4242 1344 4317 taea,andtmmbeingtoo
1361 4245 1458 4302 laboti·

354 4321 440 4378 undsr
451 4321 607 4378 tuoheada.
637 4323 679 4392 (1)
696 4321 787 4378 'Ihose
798 4321 885 4378 which
925 4339 991 4387 ons;
1009 4321 1097 4378 which
1114 4321 1150 4378 hc
1166 4331 1248 4378 term·
1262 4325 1415 4396 propitiosa
1429 4341 1461 4380 oa

355 4411 457 4458 correct
475 4401 522 4458 the
538 4401 666 4456 mistnhes
683 4400 715 4456 oi
732 4400 777 4456 the
796 4406 885 4472 “pars
925 4399 1231 4458 temtationem.
