3222 5148
639 333 861 419 n1s.11.13.
1244 334 1309 403 rus

280 519 355 570 rem
394 496 612 580 animalium,
647 521 689 568 ac
727 499 837 570 etiam
880 498 1059 568 mdiorum
1099 496 1310 585 coelestium,

279 613 399 707 (prout
428 612 474 682 ad
505 633 569 683 nos
603 612 828 702 deferuntur)
859 623 968 704 atque
1002 611 1195 698 flammam,
1223 612 1309 684 licst

278 730 505 810 lenissimam,
535 733 646 819 atque
675 728 786 799 etiam
814 731 929 824 ignito
958 730 1088 810 omnia,
1116 735 1224 820 atque
1254 729 1310 798 in·

279 867 387 938 super
411 844 576 936 liquores,
597 852 660 915 aut
685 845 803 915 adrem
829 847 956 938 ipsum,
977 845 1146 936 majorem
1173 847 1210 914 in
1234 867 1310 916 mo·

169 964 177 982 ‘
280 964 366 1033 dum
382 961 429 1031 sb
452 963 536 1054 igne
558 960 782 1032 calefactum.
836 960 981 1032 Etenim
998 958 1143 1031 flamma
1165 961 1309 1052 spiritus

277 1078 359 1160 vini,
387 1078 585 1170 praesertim
614 1098 704 1158 rara,
730 1097 797 1147 nec
824 1076 1033 1167 constipata,
1066 1084 1187 1146 tamen
1215 1077 1309 1168 potis

277 1203 331 1264 est
356 1202 525 1278 stramen,
542 1201 606 1264 sut
635 1192 799 1276 linteum,
817 1199 881 1263 aut
900 1214 1072 1284 papyrum
1094 1191 1308 1274 incendere3

281 1309 378 1402 quod
395 1330 578 1400 nunquam
600 1307 709 1378 faciet
725 1305 822 1377 calor
845 1307 1019 1391 animalis,
1036 1306 1093 1378 vsl
1119 1307 1215 1392 solis,
1231 1308 1311 1378 abs-

281 1447 352 1516 que
370 1423 523 1517 speculis
540 1420 874 1494 comburentibusffl.

204 1545 265 1610 21.
284 1538 457 1609 Flammae
477 1547 600 1608 sutem
625 1547 662 1607 st
688 1539 883 1631 ignitorum
905 1537 1050 1631 plurimi
1075 1546 1159 1608 sunt
1180 1537 1309 1629 gradus

278 1657 316 1724 in
346 1653 558 1724 fortitudine
587 1662 626 1724 et
655 1652 843 1724 debilitate
873 1651 1044 1724 ealoris⁹⁴.
1097 1651 1237 1724 Verum
1264 1654 1310 1722 de

278 1771 333 1841 his
358 1769 458 1839 nulla
484 1777 540 1839 est
566 1768 660 1839 fucta
684 1767 835 1861 diligens
863 1770 1067 1862 inquisitio;
1101 1779 1142 1839 ut
1166 1791 1310 1841 neeesse

280 1887 425 1956 sitista
454 1885 580 1956 leviter
609 1883 862 1955 transmittere.
925 1884 1082 1958 Videtur
1110 1891 1234 1956 autem
1263 1907 1310 1956 ox

279 2001 431 2073 flammis
460 1999 522 2070 ills
549 2022 597 2070 ex
622 2000 749 2091 spiritu
773 1999 845 2069 vini
872 2023 948 2072 esse
978 2000 1207 2083 mollissima;
1241 2001 1310 2071 nisi

282 2119 376 2188 forte
401 2118 494 2211 ignis
523 2117 654 2197 fatuus,
678 2124 742 2185 sut
771 2115 932 2200 flammas,
959 2139 1024 2187 sou
1051 2119 1312 2188 coruscationes

280 2256 326 2303 ex
365 2231 551 2304 sudoribus
583 2230 803 2314 animalium,
837 2233 908 2302 sint
945 2231 1134 2304 molliores.
1204 2230 1311 2303 Hanc

281 2350 382 2442 sequi
409 2347 595 2441 opinamur
617 2345 798 2416 flammam
821 2371 868 2418 ex
890 2348 1148 2442 vegetabilibus
1172 2348 1311 2420 levibus

281 2475 319 2538 et
336 2468 480 2559 perosis,
498 2473 540 2534 ut
555 2465 737 2546 stramine,
754 2465 889 2557 scirpis,
910 2473 949 2535 st
965 2465 1059 2535 foliis
1077 2465 1264 2546 arefactis3
1289 2486 1312 2534 a

282 2582 411 2674 quibus
433 2603 505 2650 non
528 2579 684 2650 multum
708 2578 849 2651 differre
873 2579 1054 2651 flammam
1076 2603 1122 2652 ex
1145 2579 1227 2674 pilis
1247 2589 1311 2650 aut

282 2698 424 2790 plumis.
477 2694 585 2767 Hanc
609 2697 771 2787 sequitur
792 2696 941 2767 fortasse
963 2695 1107 2767 flamma
1124 2719 1171 2766 ex
1194 2696 1311 2790 lignis,

283 2815 480 2905 praesertim
507 2813 560 2894 iis,
583 2835 661 2904 quae
687 2835 756 2882 non
784 2813 938 2883 multum
964 2811 1099 2884 babent
1124 2835 1169 2884 ox
1197 2814 1313 2884 resina

282 2939 346 2999 aut
367 2930 468 3022 pice;
494 2929 546 2998 ita
562 2937 685 3000 tamen
700 2935 744 2998 ut
761 2928 904 2999 flamma
920 2951 966 2998 ex
984 2927 1089 3022 lignis
1109 2951 1188 3020 quae
1204 2949 1313 3030 parva

284 3053 367 3115 sunt
389 3043 485 3114 mole
503 3045 600 3136 (quae
620 3043 727 3136 vulgo
751 3043 965 3138 colligantur
986 3045 1025 3114 in
1042 3042 1241 3131 fasciordos)
1261 3042 1313 3114 le·

284 3160 363 3231 nior
383 3161 438 3242 sit,
456 3181 563 3252 quom
581 3181 660 3251 quoe
681 3160 723 3230 fit
745 3183 791 3231 ex
813 3160 947 3230 truncis
970 3160 1136 3230 arborum
1159 3168 1198 3228 et
1219 3159 1312 3228 radi-

283 3276 394 3346 cibus.
447 3273 491 3345 Id
515 3277 609 3367 quod
627 3275 734 3369 vulgo
758 3277 910 3369 experiri
934 3275 1021 3345 licet
1043 3276 1080 3344 in
1104 3274 1312 3358 fornacibus,

286 3415 364 3485 quae
389 3393 522 3463 ferrum
546 3401 777 3483 excoquunt;
807 3393 846 3460 in
871 3390 1000 3483 quibus
1025 3391 1116 3484 ignis
1138 3413 1185 3460 ex
1210 3391 1313 3461 fasci·

285 3505 376 3578 culis
400 3516 437 3578 et
469 3507 575 3576 ramis
601 3505 766 3577 arborum
796 3529 869 3576 non
899 3514 954 3577 est
984 3505 1176 3576 admodum
1202 3505 1312 3576 utilis.

286 3623 391 3695 Hanc
414 3624 576 3715 sequitur
598 3623 655 3714 (ut
679 3622 906 3710 arbitramur)
930 3619 1073 3692 flamma
1095 3645 1141 3694 ex
1166 3623 1256 3706 oleo,
1275 3632 1314 3696 et

285 3761 379 3818 sevo,
406 3748 444 3809 et
473 3760 564 3818 cem,
591 3748 629 3808 et
658 3738 862 3831 hujusmodi
894 3737 1022 3808 oleosis
1047 3747 1086 3809 et
1111 3739 1314 3832 pinguibus,

255 3969 281 4009 ⁹⁸
311 3969 400 4024 Hanno
423 3969 529 4024 kindles
552 3967 743 4024 eombmtiblee
819 3967 845 4008 ⁹⁴
861 3968 920 4023 Tus
935 3967 1105 4040 intensityol
1116 3965 1315 4022 Heetolflsme

211 4065 286 4104 more
304 4047 403 4120 madily
420 4048 487 4102 thou
504 4047 689 4119 msnybodies
707 4047 743 4101 do
783 4047 812 4102 in
830 4047 952 4102 differem
970 4046 1126 4101 substenccs
1141 4043 1260 4115 dependo
1277 4062 1315 4100 on

211 4127 302 4181 whose
317 4125 425 4180 Hostis
443 4127 484 4180 far
500 4133 611 4197 grater,
630 4127 743 4181 because
783 4125 829 4180 the
844 4125 1021 4196 composition
1038 4124 1069 4179 ol
1081 4123 1128 4178 the
1146 4122 1218 4195 body
1229 4123 1314 4178 buru-

210 4205 233 4259 it
249 4205 273 4258 is
284 4205 313 4258 in
328 4203 493 4260 scondition
504 4203 592 4259 which
604 4204 710 4259 snables
722 4204 743 4258 it
784 4203 840 4274 ing,
859 4203 913 4258 and
931 4221 968 4256 on
985 4204 1021 4257 its
1039 4201 1174 4256 readiness
1193 4209 1222 4255 ιο
1240 4218 1314 4256 com·

211 4292 241 4337 to
260 4282 382 4338 combine
399 4283 482 4354 easily
495 4281 559 4336 with
578 4281 623 4336 the
639 4283 743 4337 indam·
784 4282 847 4338 bine
858 4281 922 4335 with
934 4279 980 4336 the
991 4280 1106 4352 Oxygan
1117 4278 1149 4334 el
1156 4277 1204 4333 the
1215 4285 1315 4332 strnue·

212 4360 300 4415 msble
312 4361 438 4416 chemicsl
451 4361 579 4416 elementa
591 4361 622 4414 ol
629 4359 732 4416 bodies.
785 4359 875 4431 phere.
