3268 5146
678 357 767 422 nm.
793 356 838 421 11.
863 374 913 441 25.
1282 353 1347 419 aar

244 519 367 612 projici
384 516 545 589 nonnihil
561 519 719 611 patiatur
734 519 867 613 absque
885 516 1217 589 discontinuatione.
1269 513 1343 607 Op-

244 636 333 706 time
350 643 471 706 autem
489 635 646 705 comitur
668 635 736 706 hoc
756 637 793 706 in
814 656 940 730 spuma
955 641 994 704 et
1011 633 1110 704 nive:
1136 654 1219 724 quae
1235 629 1344 701 talem

243 752 399 823 induunt
433 753 709 834 consistentiam,
744 760 786 823 ut
820 752 894 824 lere
927 753 1037 823 secari
1071 750 1227 844 possiut3
1261 771 1342 819 cnm

244 878 367 940 tamen
383 869 455 940 sint
472 891 618 962 corpora
634 869 786 940 formata
806 891 852 940 ex
874 871 956 941 edre
978 876 1017 940 et
1039 889 1139 960 aqua,
1157 888 1234 959 quae
1251 874 1347 936 utra·

244 1009 314 1078 que
343 993 428 1056 sunt
456 983 601 1077 liquida.
653 985 742 1070 Quae
767 987 887 1058 omnia
912 1007 985 1056 non
1010 984 1159 1056 obscure
1181 983 1345 1064 innuunt,

245 1101 419 1196 liquidum
445 1109 484 1174 et
509 1103 705 1175 consistens
730 1125 806 1174 esse
831 1103 994 1174 notiones
1016 1108 1158 1186 tantum
1178 1096 1345 1194 plebeias,

244 1227 282 1288 et
298 1219 343 1289 ed
361 1241 525 1304 sensum;
551 1220 665 1292 inesse
682 1229 803 1292 autem
821 1241 944 1291 revera
961 1217 1124 1288 omnibus
1141 1215 1346 1308 corporibus

244 1334 365 1430 firgam
392 1345 430 1407 et
455 1335 688 1409 evitationem
713 1360 752 1408 se
777 1334 1082 1419 discontinuandi;
1109 1355 1186 1404 eam
1210 1332 1247 1403 iu
1271 1353 1348 1404 eor·

245 1450 388 1543 poribus
411 1451 641 1547 homogeneis
658 1452 791 1546 (qualia
813 1461 898 1524 sunt
921 1449 1069 1545 liquida)
1090 1471 1166 1521 esse
1190 1447 1344 1522 debilem

245 1577 283 1638 et
308 1568 506 1654 infirmam3
531 1571 569 1640 in
596 1570 799 1663 corporibus
822 1591 917 1651 vero,
940 1591 1018 1661 qnae
1043 1576 1128 1640 sunt
1153 1565 1347 1659 composita

245 1707 293 1756 ex
318 1685 575 1780 heterogeneis,
601 1689 715 1782 magis
740 1709 817 1758 esse
842 1687 996 1756 vividam
1022 1694 1062 1756 et
1086 1684 1235 1754 fortem:
1267 1705 1348 1776 pro-

244 1811 368 1895 pterea
390 1803 484 1896 quod
507 1803 664 1875 admotio
690 1803 920 1898 heterogenei
946 1802 1156 1896 constringit
1181 1823 1346 1894 corpora;

244 1926 283 1989 at
299 1919 510 1990 subintratio
526 1920 739 2016 homogenei
756 1919 864 1992 solvit
880 1927 919 1992 et
936 1917 1082 1990 relaxat.

295 2034 481 2117 Similiter,
512 2037 668 2131 exempli
698 2039 832 2132 gratia3
858 2037 905 2108 sit
934 2044 1061 2107 natura
1089 2035 1266 2126 inquisito,
1294 2043 1348 2104 at·

245 2151 382 2234 tractio,
400 2153 474 2223 sive
501 2154 609 2224 coitio
637 2175 832 2247 corporum.
884 2149 1060 2224 Iactantia
1080 2152 1172 2222 circe
1197 2150 1347 2222 formam

245 2268 322 2361 ejus
338 2267 507 2341 ostensivo
523 2271 681 2341 maxime
704 2269 850 2363 insignis
872 2276 936 2352 est,
955 2289 1111 2362 magnes.
1164 2266 1349 2337 Contraria

245 2390 366 2455 eutem
396 2394 524 2456 notura
552 2386 747 2458 attrahenti
778 2393 844 2467 est,
870 2407 941 2455 non
971 2382 1347 2469 attrahens31ieetiu

245 2497 442 2569 substantia
471 2499 589 2570 simili.
642 2498 770 2571 Veluti
800 2501 944 2583 sermm,
974 2499 1068 2592 quod
1097 2521 1169 2570 non
1199 2499 1349 2570 attrabit

245 2611 388 2696 ferrum,
412 2616 713 2706 quemadmodum
744 2639 811 2688 neo
841 2615 1027 2710 plumbum
1055 2613 1255 2708 plumbum,
1280 2636 1350 2686 nec

245 2727 383 2822 lignum
417 2730 564 2826 lignum,
596 2755 663 2803 neo
697 2755 825 2825 aquam
858 2754 960 2825 aqua.
1017 2727 1193 2802 lactentur
1226 2739 1348 2802 autem

245 2842 456 2917 clandestine
473 2857 528 2918 est
544 2869 690 2942 magnes
708 2849 800 2920 ferro
818 2858 984 2931 armatus,
1006 2848 1062 2919 vel
1080 2849 1199 2942 potius
1216 2848 1347 2917 ferrum

244 2962 282 3032 in
308 2971 476 3057 magnete
501 2973 648 3036 armato.
701 2961 799 3034 Nam
823 2965 875 3034 ita
897 2963 967 3034 lert
991 2971 1128 3044 natura,
1146 2969 1188 3032 nt
1203 2983 1350 3056 magnes

246 3087 402 3151 armatus
427 3083 463 3150 in
487 3081 657 3152 distantia
678 3080 799 3172 aliqua
822 3101 893 3152 non
917 3080 1036 3151 trahat
1059 3078 1192 3150 ferrum
1214 3079 1350 3162 fortius,

246 3219 353 3288 quam
382 3219 528 3291 magnes
563 3221 634 3268 non
664 3207 831 3268 armatus.
884 3194 1023 3267 Verum
1057 3196 1086 3266 si
1117 3194 1352 3266 admoveatur

246 3312 390 3398 sermm,
407 3313 459 3384 ita
479 3322 522 3384 ut
541 3321 667 3408 tangat
689 3312 821 3385 ferrum
846 3312 883 3381 in
907 3320 1073 3406 magnete
1099 3319 1246 3394 armato,
1264 3319 1352 3381 tunc

246 3449 392 3522 mognas
426 3436 581 3500 armatus
613 3428 717 3523 longe
747 3429 862 3521 majus
894 3429 1035 3520 pondus
1069 3428 1155 3500 ferri
1190 3428 1352 3510 sustinet,

246 3567 353 3636 quem
378 3566 525 3642 magnes
550 3546 705 3641 simplex
730 3555 769 3617 et
789 3546 952 3629 inermis,
979 3555 1124 3640 propter
1150 3543 1353 3616 similitudi-

245 3681 330 3730 nem
347 3661 553 3732 snbetantiae
571 3663 654 3734 ferri
672 3683 794 3732 versus
810 3662 964 3748 ferrnm3
991 3685 1069 3754 quae
1091 3663 1253 3756 operatio
1276 3667 1354 3732 erat

247 3765 391 3848 omniuo
408 3775 631 3862 chrodolino,
649 3787 688 3850 et
714 3779 830 3850 latens
853 3780 892 3852 in
916 3780 1020 3862 ferro,
1038 3789 1231 3876 antequam
1253 3801 1353 3872 mag·

246 3910 310 3961 nes
325 3894 539 3966 accessisset.
582 3893 710 3987 Itaque
729 3895 959 3968 manifestum
976 3903 1041 3980 est,
1059 3896 1210 3967 formam
1229 3895 1354 3966 coitio-

246 4004 301 4075 nis
331 4028 408 4079 esse
438 4009 629 4104 quippiam,
657 4009 752 4103 quod
783 4012 819 4082 in
847 4020 1016 4108 magnete
1046 4013 1093 4083 sit
1124 4011 1284 4082 vividum
1313 4020 1352 4081 et

245 4122 442 4210 robustum,
460 4128 497 4198 in
515 4127 607 4200 ferro
633 4127 753 4200 debile
778 4138 816 4201 et
841 4129 969 4204 latens.
1022 4130 1167 4215 Itidem,
1185 4139 1350 4202 notatum

245 4248 301 4310 est
318 4242 464 4335 sagittas
486 4265 609 4335 parvas
635 4243 769 4338 ligneas
791 4247 925 4340 absque
941 4248 1086 4340 cuspide
1104 4249 1228 4330 ferrea,
1246 4246 1352 4319 emis-

246 4377 301 4427 sas
319 4379 364 4429 ex
382 4359 548 4454 sclopetis
563 4361 765 4455 grandibus,
783 4364 889 4435 altius
908 4373 1093 4457 penetrare
1111 4365 1147 4434 in
1164 4363 1350 4434 materiam
