3268 5146
662 343 750 414 tls.
774 343 818 410 ll.
834 347 889 429 36.
1262 348 1328 418 2³9

276 505 434 582 Necesse
457 528 599 600 prorsus
622 516 686 591 est
705 516 747 581 ut
770 510 838 586 iste
858 513 979 584 auctus
1001 507 1184 592 efficiatur,
1204 507 1260 580 vel
1282 509 1328 582 ab

225 643 396 714 aquenum
427 643 611 717 progressu
641 632 679 696 et
709 646 878 718 regressu
909 624 949 698 in
975 625 1124 700 modum
1154 647 1257 716 aquae
1290 624 1327 698 in

224 735 319 828 pelvi
348 739 502 831 agitato,
524 761 603 830 quse
633 740 775 831 quando
805 739 903 812 latus
928 761 1044 814 unum
1073 739 1185 832 pelvis
1214 739 1328 822 alluit,

226 851 357 928 deserit
379 853 558 942 altemm3
583 854 640 929 vel
662 854 899 932 asublutione
922 864 961 928 et
981 855 1202 930 subsidentia
1222 879 1329 950 aqna·

225 991 344 1042 rame
366 970 556 1062 musondo,
571 971 609 1042 in
629 969 776 1045 modum
793 993 896 1062 aque
916 971 1129 1054 ebullientis,
1148 980 1187 1046 et
1209 995 1329 1046 rursus

225 1085 461 1162 subsidentis:
488 1088 560 1161 utri
576 1107 660 1161 vero
683 1107 797 1160 cause
818 1085 939 1160 fluxus
954 1095 993 1159 et
1009 1086 1166 1160 refluxus
1191 1086 1253 1160 ille
1275 1111 1330 1162 as·

226 1201 356 1295 signari
385 1203 529 1286 debeat,
554 1204 667 1276 oritur
697 1201 886 1275 dubitatio.
942 1201 1048 1286 Quod
1079 1205 1109 1275 si
1140 1203 1330 1295 recipiatur

226 1317 321 1409 prior
342 1319 499 1402 assertio,
517 1339 661 1392 necesse
678 1327 791 1392 estut
808 1341 891 1390 cum
908 1319 957 1392 sit
978 1317 1097 1392 fluxus
1117 1320 1155 1390 in
1172 1322 1262 1392 mari
1281 1341 1328 1394 ex

229 1453 299 1507 una
323 1441 434 1526 porte,
460 1434 523 1508 liat
547 1433 617 1506 sub
641 1434 738 1508 idem
764 1442 907 1528 tempos
934 1434 1065 1508 alicubi
1094 1435 1131 1505 in
1158 1436 1248 1508 mari
1273 1458 1328 1508 re-

227 1545 345 1620 iluxus
370 1572 417 1623 ex
441 1549 522 1624 alin.
585 1548 715 1642 Itaque
742 1551 787 1622 ad
815 1550 884 1624 hoc
917 1549 1099 1622 reducitur
1132 1551 1327 1643 inquisitio

227 1660 340 1757 Atqui
365 1666 565 1740 observavit
582 1663 728 1750 Acesta,
744 1689 828 1740 cum
844 1665 924 1740 aliis
946 1665 1125 1740 nonnullis
1148 1665 1329 1760 (diligenti

227 1779 322 1854 faeta
345 1782 589 1875 inquisitione)
607 1783 702 1875 quod
725 1782 769 1856 ad
794 1781 900 1854 litora
917 1780 1078 1865 Florida,
1097 1790 1136 1854 et
1156 1782 1201 1856 ad
1225 1781 1331 1854 litura

226 1896 371 1972 adressa
388 1897 570 1992 Hispania
594 1906 633 1972 et
648 1897 792 1982 Alsicae,
813 1898 901 1970 liant
926 1896 1047 1970 fluxus
1070 1899 1176 1970 maris
1200 1899 1246 1970 ad
1272 1920 1332 1972 ea-

227 2011 311 2082 dem
336 2019 506 2106 tempora,
524 2023 563 2085 et
587 2012 744 2086 refluxus
769 2013 896 2086 itidem
920 2013 964 2086 ad
991 2012 1115 2086 eadem
1142 2021 1328 2104 tempora3

227 2148 301 2202 non
323 2136 458 2210 eontra,
473 2130 569 2222 quod
594 2153 676 2201 cum
694 2128 812 2202 fluxus
835 2129 879 2200 nt
899 2129 945 2202 ad
966 2127 1071 2202 litora
1088 2125 1249 2210 Florida,
1267 2127 1331 2200 fiat

228 2241 385 2318 refluxus
399 2245 445 2320 ad
462 2245 568 2319 litora
585 2245 767 2340 Hispaniae
784 2255 823 2317 et
839 2243 982 2318 Africo.
1020 2241 1196 2317 Attamen
1213 2243 1330 2316 adhuc

228 2358 438 2454 diligentus
464 2363 682 2446 attendenti,
708 2383 782 2433 nou
810 2384 875 2454 per
906 2360 974 2432 hoc
1005 2359 1182 2434 evincitur
1210 2369 1331 2434 motus

228 2475 406 2560 attollens,
422 2485 461 2550 ct
477 2477 675 2572 abnegatur
690 2486 809 2550 motus
826 2478 864 2550 in
881 2497 1080 2572 progressu.
1120 2473 1214 2548 Fieri
1233 2476 1330 2549 enim

228 2598 357 2682 potest,
374 2591 469 2684 quod
486 2593 533 2664 sit
550 2601 671 2666 motus
690 2616 861 2686 aquarum
877 2592 913 2664 in
932 2613 1128 2687 progressu,
1145 2601 1184 2662 ct
1200 2591 1332 2664 nihilo-

229 2705 346 2781 minus
370 2709 523 2781 inundet
544 2709 690 2782 adversa
715 2709 819 2782 litora
844 2709 1005 2802 ejusdem
1027 2707 1121 2781 aluei
1144 2707 1275 2791 simu13
1301 2707 1331 2780 si

228 2845 328 2914 aqna
354 2821 491 2898 scilicet
519 2823 590 2894 illa
620 2826 880 2899 contrudantur
910 2832 951 2898 et
977 2823 1239 2917 compelluntur
1267 2821 1332 2894 ali·

229 2937 347 3022 unde;
372 2939 674 3030 quemadmodum
692 2939 734 3012 tt
750 2938 933 3024 induviis,
951 2940 1012 3032 qni
1036 2939 1154 3012 lluunt
1171 2945 1209 3008 et
1224 2936 1332 3010 reflu-

230 3062 296 3128 unt
320 3053 365 3126 ad
392 3063 585 3147 utrumque
608 3055 695 3130 litus
719 3054 815 3128 boris
839 3053 980 3138 iisdem,
1004 3075 1087 3124 cum
1113 3061 1235 3124 tamen
1261 3053 1330 3126 iste

228 3179 349 3242 motus
370 3161 505 3262 liquido
526 3171 575 3242 sit
595 3178 716 3246 motus
737 3170 775 3244 in
792 3191 988 3263 progressu,
1006 3191 1136 3262 nempe
1156 3177 1329 3260 ‘aquarum

228 3286 505 3380 ingredientium
526 3288 618 3360 ostiu
639 3285 828 3359 fluminum
850 3307 896 3356 ax
918 3286 1020 3359 mari.
1072 3284 1201 3376 Itaque
1223 3283 1331 3358 simili

229 3401 337 3476 modo
362 3401 439 3474 fieri
463 3409 593 3494 potest,
612 3411 653 3472 ut
677 3421 776 3494 aqua
801 3399 987 3474 venientes
1010 3421 1140 3493 magna
1164 3397 1260 3472 mule
1285 3397 1331 3468 ab

229 3538 362 3592 oceano
388 3516 552 3590 orientali
574 3515 700 3589 Indico
726 3513 987 3609 compellantur
1011 3523 1050 3586 et
1075 3513 1269 3588 trudantur
1293 3516 1331 3585 iu

228 3631 370 3708 alveum
395 3634 503 3710 maris
518 3631 706 3716 Atlantici,
723 3639 762 3706 et
786 3639 976 3727 propterea
998 3631 1177 3704 inundent
1195 3638 1333 3702 utrum

148 3773 159 3788 ·
229 3769 299 3840 qne
322 3746 418 3824 blus
441 3747 559 3824 simul.
611 3745 852 3832 Quarendum
875 3750 998 3840 itaque
1022 3758 1090 3830 est,
1105 3746 1221 3820 ausit
1242 3745 1333 3818 alim

229 3862 359 3946 alveus,
395 3884 460 3956 per
496 3886 605 3956 quem
637 3885 738 3958 aquae
775 3865 912 3957 possint
948 3864 1076 3936 iisdem
1111 3860 1331 3955 temporibus

229 3979 343 4049 minui
373 3987 412 4050 et
437 3977 596 4052 refluere.
648 3979 778 4073 Atque
803 3987 932 4072 praesto
956 3989 1012 4052 est
1037 4001 1136 4050 mare
1151 3974 1333 4060 Australe,

228 4096 318 4170 mari
334 4091 522 4169 Atlantico
545 4097 754 4189 neutiquam
771 4097 899 4181 minus,
917 4097 979 4168 sed
1003 4097 1125 4190 potius
1148 4093 1261 4188 magis
1281 4089 1333 4162 la·

228 4219 308 4281 turn
326 4218 364 4281 ct
379 4219 580 4296 extensum,
598 4212 693 4306 quod
710 4213 756 4283 ad
774 4211 842 4284 lroc
859 4211 1022 4283 sufficere
1038 4209 1160 4304 possit

280 4327 409 4422 Itaque
435 4327 512 4428 J'am
541 4329 688 4402 tandem
717 4336 929 4423 perventum
959 4335 1014 4400 est
1048 4325 1093 4398 ad
1129 4321 1329 4395 instantium
