3268 5146
632 351 722 419 LIB.
737 353 786 419 11.
801 373 853 441 35.
1230 357 1291 420 ael

194 539 279 590 usne
307 519 353 590 ad
380 517 593 590 elevandum
620 527 659 591 et
683 518 908 592 evehendum
935 518 1160 590 intellectum
1183 543 1206 590 c
1232 519 1301 591 dif-

194 635 354 707 ferentiis
372 634 417 705 ad
435 653 578 730 genera,
589 643 627 706 et
645 631 690 707 ad
707 635 906 707 tollendum
925 634 1038 706 larves
1055 642 1093 706 et
1109 633 1300 708 simulacra

194 769 324 834 rerum,
340 757 448 844 prout
471 759 662 822 occurrunt
682 759 721 822 et
739 752 918 845 prodeunt
940 760 1138 845 personate
1162 751 1199 821 in
1216 752 1300 823 sub·

195 865 335 938 etantiie
359 866 545 937 concretis.

246 979 413 1074 Exempli
429 982 565 1077 gratia:
592 983 640 1053 sit
656 989 783 1053 natura
799 981 977 1074 inquisita,
995 974 1164 1052 calidum.
1210 977 1300 1050 Om-

196 1097 282 1167 nino
306 1096 448 1168 videtnr
472 1116 549 1168 esce
574 1097 700 1170 divisio
725 1097 880 1168 solennis
904 1106 944 1168 et
968 1095 1185 1178 authentica,
1203 1096 1297 1188 quod

196 1215 269 1286 sint
285 1215 354 1285 trio
369 1233 501 1309 genera
516 1213 663 1286 caloris:
684 1215 853 1287 videlicet
870 1213 965 1287 calor
981 1213 1191 1296 coelestium,
1203 1212 1301 1286 calor

194 1327 412 1411 animalium,
439 1336 478 1400 et
502 1329 598 1401 calor
622 1331 733 1424 ignis:
760 1331 928 1423 quodque
953 1331 1012 1401 isti
1038 1328 1173 1400 colores
1199 1331 1301 1421 (proe-

196 1445 319 1515 sertim
336 1463 429 1516 unus
451 1465 498 1515 ex
520 1443 842 1538 distemperatus
864 1446 909 1516 sd
927 1444 1083 1537 reliquos
1105 1443 1209 1533 duos)
1228 1446 1300 1514 sint

196 1559 272 1652 ipm
291 1560 443 1631 essentia
459 1569 499 1632 et
514 1563 643 1654 specie,
659 1562 734 1633 sive
759 1569 887 1633 natura
902 1561 1075 1654 specifica
1093 1557 1300 1631 differentes

198 1681 236 1744 et
257 1673 362 1766 plane
384 1675 636 1770 heterogenei:
667 1676 956 1769 quandoquidem
978 1676 1074 1747 calor
1098 1674 1299 1746 coeleetium

197 1797 236 1860 et
259 1789 467 1862 animalium
489 1798 639 1885 generet
664 1799 702 1863 et
727 1791 858 1877 foveat,
875 1801 914 1863 at
938 1791 1035 1863 calor
1059 1791 1151 1885 ignis
1176 1799 1301 1862 contra

197 1913 401 2000 corrumpat
429 1914 468 1977 et
492 1907 663 1978 deotmot.
716 1903 783 1978 Est
812 1907 935 2000 itaque
960 1905 1128 1977 instantio
1147 1903 1300 2001 federis

198 2021 483 2114 experimentum
509 2022 597 2093 iilud
622 2023 708 2094 satis
731 2021 927 2118 vulgatum,
945 2042 1026 2092 cum
1051 2022 1223 2113 recipitur
1246 2043 1301 2092 re·

197 2157 278 2208 mus
299 2137 426 2231 aliquis
451 2140 533 2210 vitis
555 2139 650 2211 intre
672 2139 819 2211 domum
845 2139 906 2210 ubi
932 2139 980 2208 sit
1006 2137 1106 2208 focus
1128 2137 1298 2220 assiduus,

198 2272 244 2324 ex
271 2275 342 2346 quo
367 2265 613 2328 maturescunt
637 2277 716 2327 uvoe
742 2258 850 2327 etiam
879 2275 1003 2327 mense
1028 2255 1169 2348 integro
1194 2254 1300 2324 citius

198 2389 306 2462 quem
329 2366 444 2443 foras:
471 2372 523 2443 ita
543 2381 585 2442 ut
607 2373 798 2443 maturatio
820 2372 958 2441 frustm
981 2370 1089 2440 etiam
1114 2367 1301 2460 pendentis

198 2505 304 2578 snper
333 2485 493 2557 arborem
520 2482 596 2557 fleri
626 2489 748 2579 possit,
771 2484 908 2557 scilicet
934 2481 980 2555 sb
1005 2485 1099 2577 igne,
1124 2505 1206 2553 cum
1232 2483 1301 2553 hoo

198 2599 315 2692 ipsum
339 2599 502 2672 rideatur
531 2623 608 2674 esse
634 2621 723 2694 opus
748 2601 929 2694 proprium
955 2599 1049 2671 solis.
1102 2597 1230 2691 Itaque
1256 2597 1301 2668 ab

198 2714 267 2786 hoc
292 2716 396 2786 initio
419 2715 523 2788 iecile
545 2717 697 2812 insurgit
716 2715 932 2798 intellectus,
949 2715 1135 2809 repudiata
1158 2713 1302 2785 hetero-

198 2847 313 2924 genea
337 2831 526 2915 commisii,
543 2833 587 2904 ad
611 2833 863 2925 inquirendum
890 2850 968 2924 quoe
990 2832 1064 2902 sint
1089 2827 1301 2900 differentiae

198 2943 280 3030 illae,
314 2966 391 3038 quae
423 2963 547 3018 revera
575 2949 801 3042 reperiuntur
834 2949 928 3018 inter
961 2945 1116 3017 colorem
1145 2943 1228 3014 solis
1263 2950 1302 3014 et

198 3061 299 3155 ignis,
327 3079 374 3133 ex
404 3063 532 3155 quibus
561 3063 613 3146 ot,
643 3070 686 3134 ut
715 3085 841 3134 eornm
871 3063 1093 3155 operationes
1123 3060 1195 3130 sint
1225 3065 1301 3128 tarn

199 3175 395 3262 dissimiles,
413 3187 596 3270 utcunque
612 3177 665 3249 ilii
682 3178 748 3273 ipsi
767 3177 979 3271 participent
996 3199 1043 3248 ex
1062 3183 1189 3246 natura
1205 3195 1304 3245 oum·

199 3291 312 3362 muni.

250 3405 339 3490 Quae
372 3405 580 3479 differentius
613 3410 836 3502 reperientur
865 3419 1038 3501 quatuor:
1075 3408 1140 3476 vin.
1176 3406 1301 3498 primo,

199 3521 296 3613 qnod
313 3521 409 3594 color
424 3522 518 3608 solie,
536 3531 699 3618 respectu
716 3525 842 3596 caloris
867 3523 968 3620 ignis,
986 3525 1033 3595 sit
1057 3522 1170 3617 gradu
1197 3521 1303 3614 longe

198 3635 409 3710 clementior
428 3649 467 3712 et
492 3639 625 3712 lenior:
652 3642 819 3725 secundo,
837 3643 932 3734 quod
958 3642 1005 3712 sit
1031 3639 1242 3734 (presertim
1260 3645 1303 3707 nt

198 3751 359 3823 defertur
374 3753 420 3825 ad
444 3775 508 3826 noe
528 3776 593 3848 per
608 3757 741 3850 adrem)
760 3756 934 3848 qualitate
960 3750 1076 3827 multo
1101 3753 1302 3824 humidior:

198 3867 317 3953 tertio,
335 3865 446 3961 (quod
464 3879 571 3964 capnt
595 3872 646 3942 rei
664 3877 733 3966 est)
751 3873 847 3965 qdod
873 3873 920 3944 sit
945 3891 1085 3944 summe
1111 3868 1302 3963 inaequalis,

167 4051 170 4056 r
197 3989 308 4074 atque
324 3985 495 4057 accedens
511 3993 549 4056 et
563 3995 701 4070 auctos,
720 3987 888 4082 deinceps
905 3987 1076 4060 recedens
1093 3994 1132 4058 et
1149 3982 1304 4054 diminu-

199 4105 277 4168 tus:
304 4099 340 4170 id
358 4102 453 4193 quod
479 4102 636 4173 maxime
660 4103 798 4173 confert
823 4103 869 4174 ad
893 4102 1164 4200 generationem
1181 4118 1305 4189 corpo·

198 4230 291 4284 rum.
344 4213 458 4287 Recte
483 4219 579 4289 enim
606 4219 755 4289 asseruit
771 4213 985 4291 Aristoteles
1009 4237 1152 4290 eausam
1174 4212 1306 4306 princi·

198 4326 317 4419 palem
346 4335 618 4426 generationum
646 4345 685 4405 et
712 4335 988 4426 corruptionum,
1018 4351 1098 4424 que
1125 4326 1218 4396 fiunt
1247 4321 1305 4395 hic
