3268 5146
342 343 408 406 212
670 340 844 407 NOVUM
867 340 1116 406 ORGANUM.

393 507 577 592 Similiter,
593 507 748 601 exempli
771 508 907 603 gratia3
933 509 980 579 sit
1002 516 1131 579 natura
1152 507 1330 600 inquisita,
1346 527 1448 578 oom-

342 625 537 696 mnnicatio
567 623 758 717 qualitatis,
782 623 917 716 absque
945 625 1194 695 commistione
1223 623 1443 702 substantiae,

343 739 519 814 Instantis
535 741 625 812 lucis
640 741 742 812 dabit
759 740 816 811 vel
838 742 1034 812 constituet
1050 762 1159 811 unam
1176 739 1331 833 speciem
1348 761 1448 811 oom-

341 858 614 942 manicationis3
649 857 744 930 calor
769 880 853 928 vero
878 867 915 928 et
941 879 1097 951 magnas,
1123 855 1284 927 alteram.
1337 852 1447 925 Corn-

342 974 536 1046 mnnicatio
571 975 667 1045 enim
698 973 788 1044 lucis
822 981 877 1044 ast
911 981 1081 1064 tanquam
1115 981 1375 1056 momentanea,
1406 979 1447 1042 st

341 1092 463 1162 statim
490 1090 595 1184 perit,
621 1098 741 1162 amota
766 1090 846 1161 luce
872 1084 1079 1184 originaliffl.
1135 1085 1191 1160 At
1215 1087 1380 1172 calidum,
1407 1095 1447 1159 at

341 1209 456 1278 virtus
497 1207 709 1302 magnetica,
743 1213 932 1300 postquam
966 1206 1170 1276 transmissa
1208 1205 1352 1290 fuerint,
1387 1202 1447 1275 vel

341 1325 460 1417 potius
485 1325 643 1394 excitata
669 1323 706 1392 in
732 1321 801 1393 alio
827 1343 982 1415 corpore,
1005 1321 1140 1392 hoerent
1164 1329 1203 1392 et
1227 1329 1376 1392 manent
1400 1320 1446 1391 ad

342 1447 485 1534 tempus
502 1462 574 1510 non
592 1462 750 1534 parvum,
767 1446 888 1510 amoto
906 1439 1020 1531 primo
1038 1446 1217 1510 movente.

391 1557 558 1648 Denique
589 1576 719 1649 magna
748 1563 803 1626 cst
828 1555 974 1624 omnino
999 1555 1234 1648 praerogstiva
1259 1552 1445 1624 instantiu-

340 1696 420 1744 rum
446 1671 769 1750 emittitutioarum
794 1678 836 1740 ut
858 1693 939 1762 quae
964 1667 1156 1762 plurimum
1182 1669 1316 1742 faciant
1338 1679 1377 1742 et
1399 1671 1447 1740 ad

341 1789 576 1871 definitiones,
603 1785 812 1880 (prasertim
837 1784 1081 1879 particulares)
1108 1795 1147 1856 ct
1172 1786 1218 1857 ad
1244 1785 1446 1871 divisiones,

341 1907 416 1977 sive
450 1905 658 1998 partitiones
688 1909 917 1988 naturarum
951 1901 996 1973 de
1025 1923 1097 1994 quo
1127 1924 1198 1973 non
1228 1901 1323 1972 male
1352 1902 1447 1974 dixit

342 2016 490 2106 Platoffl,
510 2017 613 2109 Quod
635 2015 808 2090 habeadus
833 2017 880 2089 sit
905 2026 1068 2114 tuaquom
1081 2040 1151 2114 pro
1167 2015 1256 2103 Deo,
1279 2020 1340 2113 qui
1362 2017 1446 2113 defi·

341 2139 420 2210 uiro
436 2145 468 2210 et
484 2133 638 2209 dividere
653 2133 735 2207 benc
751 2135 847 2207 ιιίιιι.

806 2316 979 2392 XXVII.

392 2440 493 2512 lnter
513 2437 762 2532 praerogativas
783 2436 1032 2507 instantiarum
1050 2457 1224 2530 ponemus
1245 2445 1348 2508 sexto
1365 2440 1446 2508 loco

342 2554 527 2627 instantias
554 2550 755 2648 conformes,
782 2554 857 2623 sivo
877 2552 1189 2646 proportionatae:
1223 2575 1310 2646 quas
1335 2555 1446 2624 etiam

335 2667 534 2767 paratiadae,
552 2670 627 2739 sive
643 2664 891 2740 similitudines
903 2665 1078 2764 physicos,
1096 2667 1275 2763 appellare
1298 2693 1447 2742 consue·

340 2783 499 2858 vimusffi.
552 2783 617 2856 Em
644 2807 728 2856 vero
753 2791 848 2867 sunt,
869 2806 947 2875 quae
973 2784 1170 2856 ostendunt
1193 2784 1446 2858 similitudines

340 2913 378 2974 ct
395 2902 663 2997 conjugationes
685 2921 816 2981 rerum,
834 2921 906 2970 non
923 2900 960 2970 in
978 2900 1099 2972 formis
1122 2901 1317 2974 minoribus
1334 2903 1446 2995 (quod

340 3018 477 3090 iaciunt
506 3015 684 3087 instantio
712 3014 954 3107 omittitutiooe)
982 3017 1044 3088 sad
1073 3017 1178 3112 plane
1204 3019 1242 3089 in
1268 3027 1445 3091 concreto.

340 3133 469 3232 ltaque
494 3143 579 3206 sunt
604 3141 775 3226 tanquam
796 3132 902 3226 primi
926 3141 964 3203 et
985 3133 1098 3205 infimi
1124 3133 1253 3230 gradus
1278 3133 1325 3206 ad
1345 3136 1447 3208 unio-

376 3365 399 3406 ⁶¹
422 3367 493 3439 Rsys
514 3367 545 3422 oi
563 3365 632 3438 light
651 3365 687 3422 dc
705 3373 754 3420 not
773 3365 874 3420 remain
915 3374 945 3420 to
955 3383 991 3438 go
1004 3365 1062 3422 first
1073 3367 1130 3423 into
1141 3367 1188 3424 the
1204 3369 1311 3441 inquiry
1322 3369 1379 3425 into
1391 3367 1449 3425 Na·

340 3445 369 3499 in
389 3444 435 3502 the
454 3445 501 3508 air,
513 3444 591 3499 while
609 3461 670 3516 ruys
689 3445 721 3499 os
739 3441 810 3498 licut
830 3461 875 3498 are
916 3453 984 3508 turc,
997 3444 1050 3500 and
1062 3454 1090 3501 to
1102 3445 1161 3502 laad
1172 3447 1288 3503 towards
1301 3447 1429 3504 Praeticc.

341 3521 465 3578 detained
488 3523 525 3594 by
545 3525 575 3578 it.
617 3522 660 3578 Ci.
683 3522 722 3578 ll.
738 3539 779 3594 ¹3·
804 3522 872 3577 lnst.
962 3527 979 3553 ‘⁸
993 3521 1182 3582 Goniormsble
1213 3525 1376 3582 1nsunoes2’
1403 3543 1448 3583 arc

340 3615 401 3718 ³⁵32
419 3678 504 3744 rrae,
524 3677 663 3744 amon,
684 3677 772 3734 πᾶσι.
808 3678 872 3734 τοι.
914 3603 1448 3753 iiidissa'i'iilitiiafliii

339 3779 391 3812 των
405 3757 436 3826 δι)
455 3757 538 3830 ἔγωγε
552 3759 630 3815 αὐτός
647 3779 676 3812 τε
694 3757 805 3830 ἐραστὴς
822 3764 873 3813 τῶν
913 3758 983 3816 their
994 3777 1068 3816 more
1079 3763 1187 3830 general
1199 3761 1285 3818 lawe.
1313 3761 1447 3834 Hmey’s

340 3835 499 3906 διαιρέσεων,
521 3837 562 3890 nal
586 3838 748 3910 συναγαγὼν,
769 3837 800 3894 ἶν’
819 3834 874 3894 citis
914 3837 1052 3911 discovery
1070 3840 1101 3895 ol
1116 3839 1161 3896 the
1182 3841 1338 3898 circulufion
1356 3842 1387 3898 oi
1402 3841 1448 3897 llic

339 3937 367 3970 rs
389 3915 410 3969 d
429 3913 517 3986 λέγειν
535 3937 564 3970 rs
581 3915 622 3969 nal
641 3918 756 3988 φρονεῖν·
784 3917 828 3972 ἐάν
844 3939 873 3972 τε
913 3916 995 3971 blood
1011 3916 1239 3974 iromthcvslvcs
1255 3919 1284 3974 in
1298 3918 1447 3992 Hydraulic

338 3993 395 4048 read
413 3993 498 4048 ἄλλον
512 3991 658 4064 tydeum
672 3995 780 4050 dmrdv
794 3996 831 4052 εις
846 3994 874 4051 ἔν
913 3995 1023 4066 engines
1035 3994 1089 4051 aud
1101 3996 1130 4050 in
1141 3995 1187 4052 tha
1198 3997 1272 4054 veins
1284 3998 1374 4054 would
1386 3999 1448 4056 lies

339 4072 380 4126 sol
393 4071 435 4126 dal
446 4071 535 4126 πολλὰ
549 4073 684 4142 πεφυκότα
698 4075 769 4143 ὁρᾶν,
782 4078 874 4130 roim
913 4091 974 4128 csse
991 4075 1019 4130 in
1035 4073 1129 4146 point.'
1157 4075 1183 4130 lt
1197 4093 1251 4131 was
1269 4077 1315 4132 the
1332 4079 1448 4152 enslngy

339 4149 422 4204 didita
444 4175 515 4190 --
539 4150 680 4206 κατόπισθε
708 4149 764 4221 μα’
790 4151 873 4224 {xatas
912 4151 1031 4208 between
1048 4153 1094 4208 the
1117 4153 1229 4210 flumen
1249 4155 1306 4227 Eyc
1326 4155 1379 4212 and
1400 4155 1448 4212 the

339 4229 408 4284 om
420 4227 499 4284 θεοῖο.
912 4231 1055 4302 ΤιΙιιιοορι
1070 4231 1129 4288 that
1141 4232 1185 4288 led
1198 4242 1228 4288 to
1242 4232 1289 4288 ὼε
1303 4233 1447 4290 formation

374 4305 400 4346 ⁶³
418 4305 600 4378 Prorogatives
618 4306 690 4363 6-10
710 4325 754 4362 arc
776 4327 872 4381 prepa-
912 4309 943 4364 oi
952 4309 1125 4366 Achromatic
1140 4313 1236 4368 lentes.
1274 4311 1318 4369 Of.
1333 4313 1406 4370 Adv.
1418 4313 1451 4370 oi

340 4385 423 4442 rstive
447 4381 494 4454 (ci.
519 4383 580 4438 inlr.
602 4381 639 4438 11.
658 4384 726 4455 ga),
749 4385 803 4441 and
828 4403 872 4443 ara
914 4388 1056 4462 learning,
1069 4409 1095 4462 p.
1108 4407 1166 4462 ¹30·
