3268 5146
337 334 403 396 232
661 333 835 400 NOVUM
866 331 1113 400 ORGANUM.

337 496 431 588 apud
458 518 523 566 nos
548 497 585 566 in
610 497 796 590 superficie
813 507 926 581 terra,
944 519 1021 570 esse
1039 497 1133 569 viam
1150 493 1334 587 obliquam
1361 492 1445 564 solis

337 634 401 704 per
417 609 655 684 zodiacumffi:
682 615 780 686 unde
805 613 901 684 calor
917 610 1012 697 solis,
1029 613 1159 706 partim
1185 634 1251 704 per
1268 611 1446 682 vioioeitu·

338 728 438 798 dines
455 726 526 798 diei
544 737 583 799 ot
599 729 725 810 noctis,
741 729 873 822 partim
898 751 962 821 per
987 727 1225 799 successiones
1248 727 1381 798 estatis
1406 735 1445 796 et

337 842 486 934 hyemis,
503 841 624 913 evadit
649 843 748 912 miris
773 843 889 914 modis
915 841 1109 935 inaequalis.
1163 840 1295 933 Neque
1320 849 1443 911 tamon

338 956 468 1026 desiuit
491 955 553 1026 illo
571 956 624 1026 vir
649 956 687 1026 id
708 956 804 1049 quod
821 957 867 1028 ab
884 979 927 1028 eo
945 965 1042 1028 recte
1065 957 1253 1028 inventum
1280 956 1350 1026 fuit
1372 963 1442 1026 sta·

338 1073 404 1142 tim
422 1093 649 1164 corrumpere
667 1079 705 1143 et
722 1072 924 1165 depravare.
978 1072 1077 1144 Nam
1094 1079 1137 1143 ut
1153 1071 1289 1143 arbiter
1305 1070 1444 1142 scilieet

338 1197 473 1259 naturae
490 1188 599 1280 (quod
626 1187 678 1258 illi
704 1189 741 1258 in
766 1211 866 1262 more
886 1188 957 1278 cst)
984 1188 1088 1260 valde
1113 1186 1366 1282 magistraliter
1390 1209 1444 1258 as-

339 1307 455 1399 signat
472 1325 613 1374 causam
635 1305 875 1397 generationis
899 1305 1056 1376 accessui
1081 1303 1185 1388 solis;
1212 1325 1355 1375 causam
1381 1325 1443 1373 au·

339 1427 414 1490 tem
431 1419 676 1511 corruptionis,
702 1415 875 1490 recessui:
902 1441 985 1490 oum
1008 1428 1158 1511 utraque
1184 1440 1240 1490 res
1266 1417 1443 1506 (accessus

340 1532 507 1604 videlicet
524 1532 618 1615 solis,
634 1542 673 1603 et
690 1532 860 1620 recessus)
879 1557 949 1604 non
968 1535 1173 1626 respective,
1191 1534 1254 1606 sed
1272 1533 1372 1625 quasi
1391 1535 1445 1603 in-

339 1648 544 1719 differenter
560 1648 715 1740 praebeat
736 1671 880 1720 causam
904 1658 978 1721 tam
1002 1649 1225 1743 generationi
1242 1671 1350 1741 quarn
1368 1671 1445 1719 cor

339 1765 511 1856 ruptioni:
529 1762 817 1855 quandoquidem
832 1762 1053 1858 inequalitas
1070 1764 1206 1846 caloris,
1220 1764 1442 1858 generationi

340 1888 378 1950 et
402 1879 619 1972 corruptioni
645 1901 784 1968 rerum;
810 1880 1004 1973 aequalitas,
1022 1880 1282 1952 conservationi
1298 1887 1441 1952 tantum

339 1995 528 2066 ministret.
575 1993 642 2065 Est
659 2004 697 2065 ot
714 2003 840 2087 quarta
856 1995 1058 2068 differentia
1075 1997 1171 2068 inter
1186 1993 1342 2066 calorem
1359 1993 1443 2065 solis

339 2120 377 2181 et
400 2111 500 2206 ignis,
518 2111 639 2204 magni
663 2132 803 2202 prorsus
829 2113 1024 2183 momenti:
1050 2113 1117 2184 via.
1134 2111 1230 2204 quod
1251 2109 1305 2182 sol
1322 2133 1444 2203 opera·

340 2227 455 2297 tiones
485 2249 565 2298 suas
594 2226 751 2297 insinuet
781 2226 978 2322 perlonga
1009 2229 1180 2321 temporis
1210 2227 1350 2320 spatia3
1381 2226 1443 2296 nbi

340 2342 561 2434 operationes
588 2342 680 2435 ignis
707 2343 873 2436 (urgente
902 2343 1088 2414 bominum
1116 2343 1355 2437 impatientia)
1381 2362 1445 2432 per

340 2457 503 2530 breviora
527 2456 715 2528 intervalla
739 2459 784 2528 ad
812 2460 950 2530 exitum
977 2459 1229 2552 perducantur.
1281 2456 1388 2541 Quod
1414 2455 1443 2526 si

341 2575 419 2666 quis
446 2575 482 2643 id
512 2572 636 2644 sedulo
663 2581 755 2668 agat,
785 2583 827 2644 ut
854 2573 1008 2646 colorem
1036 2575 1128 2668 ignis
1157 2579 1377 2665 attemperet
1405 2578 1445 2640 et

339 2689 489 2761 reducat
516 2689 561 2759 sd
586 2689 735 2781 gradum
762 2690 1035 2761 moderatiorem
1062 2699 1100 2761 ot
1131 2687 1304 2759 leniorem
1332 2684 1443 2778 (quod

341 2803 464 2876 multis
494 2804 610 2874 modis
640 2803 745 2875 facile
773 2805 859 2896 lit);
894 2805 1023 2875 deinde
1054 2805 1163 2876 etiam
1194 2805 1376 2896 inspergat
1405 2807 1445 2872 et

341 2921 535 2993 admisceat
551 2919 759 2992 nonnullam
780 2921 1056 3004 humiditatem
1082 2919 1238 2990 maximo
1264 2925 1388 2988 autem
1414 2915 1445 2985 si

341 3040 503 3110 imitetur
531 3036 684 3109 calorem
717 3037 799 3107 solis
829 3037 866 3106 in
898 3036 1160 3126 inequalitat03
1194 3040 1386 3127 postremo,
1416 3031 1445 3102 si

341 3177 477 3226 moram
502 3154 680 3246 patienter
699 3152 839 3235 toleret,
857 3149 944 3239 (non
962 3159 1060 3222 certe
1084 3172 1175 3234 eam,
1193 3173 1271 3242 quae
1293 3149 1341 3218 sit
1366 3169 1447 3239 pro·

342 3273 542 3364 portionata
558 3268 724 3362 operibus
740 3267 833 3349 solis,
850 3266 913 3338 scd
932 3266 1130 3361 largiorem.
1149 3287 1256 3358 quarn
1283 3263 1448 3334 homines

341 3388 511 3459 adhibere
528 3386 645 3457 solent
663 3386 698 3454 in
717 3383 883 3477 operibus
900 3383 1030 3477 ignis;)
1056 3383 1086 3452 is
1103 3380 1211 3452 facile
1235 3381 1378 3450 missam
1397 3379 1449 3449 fa·

342 3503 414 3573 cist
440 3501 717 3594 heterogencam
743 3499 842 3570 illam
870 3496 1014 3568 caloris:
1041 3505 1080 3568 et
1106 3494 1165 3568 vel
1198 3493 1363 3576 tentabit,
1391 3491 1449 3564 vel

343 3617 554 3707 exaequabit,
571 3615 628 3685 vel
646 3616 682 3685 in
702 3613 877 3706 aliquibus
895 3614 1015 3684 vincet
1032 3633 1138 3704 opera
1164 3611 1258 3694 solis,
1276 3633 1339 3704 per
1355 3607 1450 3681 calo·

343 3754 420 3803 rem
450 3732 552 3825 ignis.
614 3729 749 3801 Similis
777 3729 944 3800 instantia
961 3725 1114 3823 soedcr’t
1139 3737 1200 3800 est
1227 3725 1451 3798 resmcitatio

345 3845 563 3940 papilionum
588 3868 634 3915 ex
652 3845 781 3938 frigore
803 3843 1024 3935 stupentium
1042 3851 1081 3914 ot
1097 3849 1270 3936 tanquam
1294 3849 1453 3912 ememu-

344 3985 457 4044 orum,
485 3961 743 4054 perexiguum
773 3968 935 4051 teporem
965 3957 1076 4051 ignis:
1110 3965 1153 4027 ut
1185 3957 1289 4031 facile
1318 3981 1455 4042 cernas,

382 4183 408 4224 ⁹⁶
426 4183 509 4238 Arist.
521 4180 555 4236 dc
568 4180 636 4236 Gen.
649 4189 676 4235 ct
688 4179 764 4236 corr.
776 4180 823 4236 lib.
838 4179 877 4234 11.
918 4182 998 4252 λοξὸν
1009 4179 1111 4237 κύκλον.
1144 4179 1194 4256 ny
1205 4183 1258 4239 tbis
1269 4183 1350 4253 λοξὸς
1360 4181 1456 4240 κύκλος

346 4282 404 4336 cap.
416 4281 443 4335 9.
456 4261 504 4332 οὐχ
516 4259 531 4326 ἡ
543 4261 631 4329 πρώτη
649 4259 721 4332 φορὰ
739 4257 807 4314 αἰτία
820 4259 878 4314 ἐστὶ
919 4261 1045 4316 Aristotle
1055 4276 1146 4316 meant
1160 4262 1211 4319 the
1223 4260 1346 4332 Ecliptic.

345 4343 472 4415 γενέσεως
485 4339 526 4394 καὶ
538 4337 649 4410 φθορᾶς,
660 4336 720 4392 ἀλλ’
731 4336 746 4406 ἦ
759 4339 822 4392 κατὰ
834 4339 879 4392 τὸν
