3156 5176
613 345 702 412 nm.
725 345 774 412 11.
789 345 842 431 ,a
1202 347 1269 410 aaa

164 527 285 582 mam:
312 517 355 580 ut
370 508 522 596 flamma,
540 531 618 604 qua·
634 531 740 607 super
759 511 891 584 balitus
906 518 945 582 et
961 510 1080 584 oleoso
1095 509 1269 604 multipli-

164 636 224 698 oat
253 643 301 712 se,
332 637 370 700 et
398 637 546 722 generat
574 647 704 700 novam
731 627 930 713 flammam
967 637 1038 711 uer,
1068 629 1129 722 qui
1163 649 1270 722 super

165 761 295 836 aquam
328 751 367 815 et
399 763 514 836 aquea
549 742 766 838 multiplicat
799 765 848 827 ae,
881 753 921 816 et
953 754 1102 841 genem
1134 765 1268 816 novum

165 860 306 931 adrem:
329 859 473 954 spiritus
485 859 694 955 vegetabilis
710 868 749 932 et
764 859 936 945 animalis,
950 861 1012 954 qni
1029 879 1135 954 super
1150 862 1270 933 tenui·

166 993 246 1044 ores
275 982 402 1065 pastea
420 982 495 1044 tam
525 974 630 1068 aquei
656 993 763 1067 qnam
788 971 910 1058 oleosi,
929 975 966 1046 in
992 975 1174 1047 alimentis
1196 977 1269 1047 suis

166 1085 385 1182 multiplioat
406 1111 455 1175 se,
473 1098 512 1162 et
536 1097 684 1185 genem
708 1111 843 1161 norum
866 1091 1053 1184 spiritum
1081 1099 1198 1184 partes
1214 1113 1270 1163 so-

167 1199 248 1274 lidae
272 1203 474 1298 plantarum
499 1215 537 1276 ot
561 1204 778 1288 animalium,
795 1205 908 1278 veluti
928 1204 1066 1292 folium,
1083 1205 1269 1291 linsamo,

168 1341 217 1402 oa,
234 1327 274 1390 et
293 1321 346 1390 sio
363 1321 408 1392 de
423 1321 571 1404 ooeteris,
588 1341 672 1413 quae
696 1318 847 1416 singulm
872 1341 920 1394 ex
944 1324 1058 1394 suoois
1082 1322 1270 1394 alimento·

167 1455 249 1505 rum
278 1434 485 1520 assimilant,
508 1443 547 1508 et
574 1444 747 1530 generant
772 1438 1006 1509 substantiam
1035 1439 1270 1510 suooesaivam

169 1559 208 1622 et
241 1549 413 1642 epiusiam
421 1546 461 1620 ⁸⁶.
522 1547 654 1644 Neque
686 1551 782 1623 enim
816 1573 1019 1646 quenquam
1053 1575 1136 1624 oum
1163 1553 1272 1624 Para·

169 1661 304 1736 oelso⁸7
319 1664 471 1737 delirare
489 1667 604 1758 juvet,
621 1669 684 1760 qui
709 1667 1014 1758 (distillationibus
1039 1669 1111 1740 suis
1135 1667 1272 1740 soilioet

169 1785 379 1876 momentus)
395 1782 629 1854 nutritionem
655 1803 719 1878 per
743 1785 1002 1878 separationem
1027 1793 1169 1856 tautum
1194 1786 1271 1858 lieri

170 1897 307 1985 voluit;
331 1899 499 1990 quodque
516 1900 554 1969 in
570 1898 737 1992 penerel
762 1900 842 1972 oibo
868 1897 979 1972 lateat
1004 1900 1137 1985 oculus,
1155 1921 1272 1984 nasus,

170 2014 366 2097 oerebmm,
389 2015 511 2107 joann
536 2017 575 2085 in
602 2037 708 2087 suono
741 2025 847 2086 terrae
881 2015 996 2102 radix,
1027 2015 1165 2098 folium,
1195 2015 1271 2087 flos.

172 2129 319 2202 Etenim
336 2130 429 2201 dont
446 2131 545 2202 labar
567 2151 613 2202 ex
634 2131 715 2202 rudi
738 2149 853 2202 mmm
875 2129 1002 2223 lapidis
1019 2128 1076 2202 vel
1094 2129 1192 2224 ligni,
1209 2151 1274 2222 per

170 2247 428 2340 mutuationem
458 2257 497 2318 et
524 2247 753 2340 rejeotionem
784 2245 962 2340 superflui,
985 2247 1108 2317 eduoit
1135 2245 1272 2329 folium,

172 2359 307 2444 dorem,
324 2361 479 2447 oeulum,
495 2381 631 2446 numm,
651 2383 808 2444 manum,
828 2362 968 2455 pedem,
986 2371 1023 2432 et
1047 2361 1198 2444 similia3
1222 2361 1276 2432 ita

172 2475 368 2550 Araborum
401 2477 505 2550 illum
538 2478 678 2551 labrum
711 2479 892 2550 internum
928 2499 976 2549 ex
1008 2477 1179 2549 alimento
1207 2497 1272 2572 per

172 2597 434 2688 separationem
454 2604 493 2668 et
516 2596 748 2688 rejeotionsm
773 2593 926 2667 edueore
951 2591 1090 2688 singula
1114 2595 1275 2666 membra

175 2722 213 2784 et
243 2721 372 2804 partes,
399 2711 523 2782 asserit
549 2709 621 2782 ille.
673 2708 814 2782 Verum
842 2711 958 2782 missis
984 2710 1097 2803 nugis,
1124 2709 1278 2780 certissi-

175 2847 276 2900 mum
300 2837 365 2910 est,
381 2835 500 2922 partes
525 2825 681 2920 singulas
707 2835 783 2898 tam
809 2827 991 2911 similasse,
1009 2847 1117 2919 quam
1138 2827 1280 2920 organi-

176 2963 244 3028 oas,
261 2945 299 3014 in
316 2939 574 3037 vegetabilibus
591 2949 630 3012 st
645 2941 867 3026 animalibus,
884 2963 1008 3013 snooos
1025 2941 1278 3012 alimentorum

175 3079 321 3132 surorum
355 3059 430 3132 iere
466 3077 686 3146 eommunes,
718 3067 783 3130 aut
816 3077 889 3131 nou
921 3056 1077 3128 multum
1111 3057 1280 3139 diversos,

177 3176 292 3270 prium
313 3175 495 3246 attrahere
520 3195 602 3246 oum
623 3173 796 3246 nonnullo
820 3173 974 3256 delectu,
992 3172 1124 3244 deinde
1145 3170 1281 3242 assimi-

178 3291 263 3375 lare
280 3302 320 3362 et
343 3299 484 3362 vertere
508 3291 546 3360 in
571 3297 735 3362 naturam
762 3311 875 3362 suam.
926 3287 1057 3382 Neque
1074 3283 1280 3358 mandatio

177 3411 256 3489 iata,
274 3415 336 3476 aut
349 3405 527 3503 yeaarotio
542 3403 691 3500 aiaspler
706 3407 750 3477 fit
775 3406 890 3478 solum
916 3407 953 3476 in
978 3403 1182 3498 eorporibus
1206 3402 1282 3473 ani-

178 3520 308 3604 mat‘m3
335 3539 458 3590 verum
475 3528 515 3591 et
530 3520 727 3592 inanimata
741 3543 788 3594 ex
812 3521 878 3592 hae
901 3543 940 3592 re
962 3519 1195 3614 participant3
1220 3537 1282 3588 ve-

214 3777 664 3852 118Ερίιιείιι··-ὸνιουσιίε--ἀιῦγ,
681 3797 713 3835 or
752 3795 820 3835 wera
841 3787 915 3834 mort
938 3787 1119 3851 axuavagant,
1142 3777 1284 3848 deamving

179 3857 384 3916 ever-ranewad.
396 3857 674 3914 'l'hswordisaonsad
682 3859 712 3914 in
754 3857 870 3914 Broon’s
882 3857 956 3912 word
968 3863 986 3890 ‘⁸
995 3857 1137 3912 aaaron?
1174 3855 1218 3910 Hs
1229 3871 1284 3910 was

178 3935 454 4010 thalerd’ai’rayar,
468 3935 699 3993 St.ldatt.vi.1r.
752 3937 803 3991 lull
829 3937 860 3992 oi
883 3935 930 3990 tbe
954 3936 1070 4009 analogy
1091 3935 1210 3990 bam
1237 3933 1286 3988 tba

218 4015 244 4056 ⁸⁷
262 4015 464 4087 'l'boophmtua
480 4013 635 4070 Pmoelsua
651 4013 713 4069 died
753 4015 973 4071 “Maesessum”
991 4015 1022 4069 oi
1036 4014 1155 4070 numni
1172 4011 1285 4078 Natura,

178 4093 540 4166 A.D.15412la'ssyatem
559 4092 713 4164 badapri·
752 4093 806 4149 aud
835 4094 882 4149 the
912 4091 1122 4148 “maroneam”
1151 4089 1182 4145 oi
1209 4089 1286 4146 Man.

179 4171 596 4244 maryreiasnoatomedioiuer
612 4172 713 4227 bovas
754 4170 805 4227 See
817 4171 935 4236 Hailarn,
948 4181 1008 4243 part
1021 4171 1045 4228 1.
1060 4168 1193 4240 obnoxii·
1206 4169 1221 4238 §
1235 4183 1287 4242 17-

180 4258 267 4314 aouta,
281 4247 335 4304 and
350 4247 455 4320 beyond
472 4248 517 4303 bia
534 4265 583 4320 aga
600 4247 713 4304 inclas-
755 4267 799 4307 ao.

181 4328 262 4383 misal
273 4325 439 4399 knowledge.
476 4326 587 4382 Euthia
599 4326 714 4382 theorus
