3156 5176
333 334 399 404 3³6
662 335 836 402 NOVUM
858 333 1110 402 ORGANUM.

333 504 376 568 ut
401 517 472 567 non
498 492 614 566 solnm
638 517 687 566 ex
711 503 839 566 natura
864 497 1007 578 mentis,
1022 496 1087 568 sed
1103 517 1152 566 ex
1170 505 1304 572 natura
1325 517 1445 567 rernm
1544 469 1545 490 Χ

334 633 475 705 qaoque
492 609 567 680 hee
583 609 733 682 seientia
749 619 912 682 emanet:
939 609 1071 680 mirum
1087 632 1160 680 non
1178 619 1250 694 eet,
1263 611 1295 680 ei
1314 609 1448 702 ubique

336 727 555 801 naturalibus
580 725 940 820 contemplationibus
964 735 1003 798 et
1028 727 1305 820 experimentis,
1322 726 1370 798 ed
1388 749 1450 796 ax·

335 843 454 938 emple
469 843 555 916 artie
571 851 710 924 nostre,
728 863 914 935 eonsperse
930 842 1041 914 fuerit
1056 855 1097 914 et
1113 841 1309 912 illustrata
1353 839 1449 912 Sunt

336 969 458 1032 autem
472 963 529 1052 (ut
545 981 592 1030 ex
607 959 661 1042 iis,
678 981 755 1052 qun
771 959 868 1030 dieta
884 967 978 1040 sunt,
996 961 1111 1052 patet)
1123 955 1381 1054 prm-eyetinoe
1396 956 1450 1026 in-

335 1075 544 1148 enuntiarem
551 1096 700 1146 numero
707 1075 836 1170 viginti
844 1083 994 1169 septam.
1015 1072 1252 1145 Nominibus:
1267 1071 1450 1144 instantia

336 1189 522 1264 sotini-im
550 1190 727 1262 instantiae
743 1190 946 1288 migrantes:
973 1189 1151 1260 tentantia
1167 1188 1372 1260 ostensiva.-
1394 1185 1449 1258 in-

336 1306 476 1378 stantia
502 1303 746 1378 clandestine.-
776 1305 953 1378 instantia
981 1305 1232 1378 matutine.-
1266 1303 1449 1376 instantia

337 1421 555 1518 conformer:
590 1421 767 1494 instantioe
790 1421 1004 1494 menediece:
1039 1420 1219 1494 inetentioe
1243 1417 1446 1492 amimae.-

336 1537 514 1610 instentioe
547 1535 763 1610 limitanea:
807 1537 984 1610 imnniae
1013 1537 1221 1632 ponenen:
1266 1536 1447 1608 incaene

337 1653 518 1725 eomitante
542 1661 575 1725 et
598 1651 758 1726 Matina:
786 1655 966 1726 tenente
990 1651 1237 1747 wfflnctieae:
1266 1653 1447 1725 instantia

324 1767 500 1865 foederie:
525 1769 704 1842 innecte
720 1771 857 1844 eneis:
874 1769 1053 1842 imtnntioe
1068 1767 1237 1842 divortii:
1264 1768 1447 1842 eumne

328 1884 475 1979 janne:
513 1885 691 1958 instantiae
724 1886 890 1960 nitentes:
926 1885 1104 1956 inntentioe
1136 1885 1228 1956 nne.-
1265 1884 1446 1956 instantia

336 1998 586 2096 suppteme-
625 2002 804 2074 instentioe
827 2009 1068 2098 perseverans.-
1103 2000 1285 2072 e'netantiae
1313 1999 1443 2098 meyer:

338 2117 515 2188 instantiae
530 2115 699 2190 restituti
709 2144 721 2188 .·
748 2116 845 2190 detes
861 2126 1020 2190 netnroe:
1045 2115 1225 2188 innnnae
1240 2113 1371 2190 Inetoe:
1394 2117 1445 2186 in·

336 2234 476 2305 stentioe
509 2233 712 2306 innuentes:
757 2232 935 2306 instantiae
962 2229 1221 2328 petycdreetoe:
1265 2231 1445 2306 inmte

338 2348 494 2446 meqieae.
545 2346 642 2422 Usus
666 2359 788 2422 autam
813 2349 939 2420 haram
964 2347 1220 2432 instantiarum,
1237 2348 1277 2418 in
1298 2373 1373 2442 qno
1395 2349 1445 2418 in·

337 2465 486 2536 stantiae
500 2463 663 2559 vulgares
680 2463 876 2548 excellunt,
888 2472 1049 2537 versetur
1065 2465 1103 2534 in
1119 2486 1254 2558 genere
1270 2474 1339 2536 aut
1354 2466 1443 2536 eirea

337 2587 476 2674 partem
504 2581 779 2665 informetivem,
800 2589 864 2652 aut
889 2581 983 2652 eirea
1006 2580 1239 2673 operativam,
1260 2589 1327 2652 aut
1354 2581 1443 2653 eirm

338 2705 537 2788 utramque.
583 2694 708 2790 Atque
724 2695 841 2790 quoad
858 2696 1131 2778 informativan
1142 2696 1275 2787 juvant
1291 2696 1368 2768 illae
1383 2707 1443 2768 ant

339 2832 493 2894 sensum,
510 2819 575 2881 aut
590 2811 836 2898 intelleetum3
861 2833 1013 2896 sensum,
1031 2819 1074 2882 ut
1091 2811 1250 2903 quinque
1266 2809 1442 2884 instantia

339 2923 539 3020 lampadis:
584 2926 820 3012 intellectum,
856 2936 921 2998 eut
957 2925 1188 2999 accelerando
1226 2926 1442 2999 exclusivam

340 3039 471 3126 formae,
489 3052 532 3114 ut
548 3040 742 3122 ιοῐὶιαιίιες
767 3049 831 3113 eut
859 3041 1082 3136 angustando
1111 3050 1150 3112 et
1178 3043 1324 3135 propius
1354 3042 1442 3113 indi-

340 3157 453 3230 cendo
479 3159 725 3232 affirmativam
749 3159 879 3242 formae,
902 3165 945 3229 ut
967 3157 1165 3256 miyrantee,
1182 3157 1375 3244 arminiam,
1392 3182 1442 3230 ee

342 3275 491 3360 mitettn,
509 3298 590 3346 aum
609 3273 852 3368 ntb'nnetinie:
878 3283 942 3346 aut
962 3273 1132 3369 erigendo
1148 3273 1390 3359 intellectum,
1405 3285 1442 3346 et

341 3389 505 3462 ducendo
532 3390 578 3462 ed
607 3413 738 3487 genera
763 3398 802 3462 et
827 3399 970 3461 naturas
994 3413 1221 3462 communes:
1247 3390 1359 3484 idque
1382 3400 1442 3463 aut

342 3505 561 3591 immediate,
596 3515 637 3577 ιιι
669 3503 900 3590 ceretaniae,
937 3504 1137 3591 nonodicae,
1160 3503 1344 3602 sederis:
1382 3517 1441 3578 aut

340 3621 453 3714 gradu
478 3620 653 3714 proximo,
679 3631 721 3692 ut
747 3621 996 3694 constitutive:
1021 3632 1086 3694 eut
1109 3623 1222 3718 gradu
1250 3623 1386 3708 infimo,
1403 3633 1441 3694 ιιι
1544 3695 1545 3698 ,

342 3731 557 3829 consentes.-
584 3747 647 3809 aut
662 3738 891 3810 reetifieando
913 3739 1136 3811 intellectum
1156 3742 1387 3824 eeansuetis,
1402 3749 1442 3812 ιιι
1544 3739 1545 3744 ’

341 3847 540 3922 deviantes:
567 3863 631 3923 aut
647 3853 810 3926 ducendo
826 3854 871 3926 ad
890 3855 1040 3928 formam
1057 3877 1232 3950 magnam,
1246 3856 1322 3928 sive
1339 3857 1441 3928 fabri-

342 3989 421 4038 aam
438 3967 603 4050 universi,
621 3979 664 4040 ut
680 3967 889 4043 limitaneoe:
914 3979 978 4042 aut
1002 3971 1160 4044 cavenda
1185 3972 1232 4046 de
1257 3973 1383 4045 formis
1406 3981 1441 4046 et

341 4083 455 4156 censis
472 4079 577 4164 falsis,
595 4091 637 4154 ιιι
653 4087 766 4158 erneis
783 4096 820 4159 et
838 4085 991 4159 divortii.
1035 4087 1142 4173 Quod
1159 4111 1243 4161 vero
1258 4089 1306 4160 ad
1323 4111 1442 4184 opera·

341 4202 452 4273 tivem
470 4197 624 4281 attinet3
648 4198 718 4273 illae
742 4205 934 4296 practicam
960 4212 1024 4275 aut
1049 4204 1245 4298 designent,
1263 4212 1328 4276 aut
1346 4227 1440 4276 men·

342 4325 474 4400 serant,
505 4322 570 4385 eut
599 4315 795 4390 sublevent.
853 4315 1052 4415 Designant
1080 4330 1144 4392 aut
1173 4319 1440 4394 ostendendae
1544 4319 1545 4346 ¹
