3156 5176
568 332 659 398 nm.
676 332 724 398 11.
739 347 792 418 50.
1171 331 1236 396 aaa

138 516 283 566 manere
305 493 398 564 intra
413 500 544 564 terram
562 517 627 588 per
649 495 883 590 quadraginta
900 501 964 566 aut
978 493 1239 587 quinquaginta

137 633 260 694 annos,
278 618 318 680 et
332 610 527 681 transmitti
544 611 590 681 ad
607 610 773 696 haeredes,
790 621 961 704 tanquam
982 609 1127 680 minerae
1143 631 1239 702 quae·

137 729 219 800 dam
245 725 462 821 artificiales)
480 735 519 798 et
544 727 757 820 hujusmodi.
808 725 1016 812 Quinetiam
1033 749 1112 818 qua
1129 727 1239 798 inter-

138 844 288 914 veniunt
316 843 355 913 in
383 852 510 914 natura
539 842 842 926 condensationes,
873 843 975 914 facte
1005 866 1069 937 per
1098 843 1238 936 frigora,

137 957 303 1030 similiter
321 964 407 1029 sunt
429 959 702 1053 investigandae3
730 969 773 1031 ut
795 959 908 1032 causis
933 981 1057 1030 eorum
1076 958 1240 1052 cognitis,

139 1074 319 1148 transferri
344 1074 480 1166 possint
496 1075 533 1144 in
550 1083 656 1146 artes.
708 1075 841 1160 Quales
866 1084 1064 1148 cernuntur
1079 1076 1118 1145 in
1134 1096 1241 1148 exsu-

138 1192 284 1264 datione
311 1191 496 1262 marmoria
523 1199 561 1261 et
593 1190 772 1285 lapidum:
803 1193 841 1262 in
870 1190 1106 1264 rorationibus
1135 1212 1241 1283 snper

139 1309 233 1380 vitra
256 1330 320 1400 per
344 1307 494 1376 interius
511 1306 746 1378 fenestrarum
768 1310 835 1380 sub
861 1329 1034 1392 auroram,
1052 1317 1133 1401 post
1157 1306 1241 1401 gelu

138 1423 268 1496 noctis:
287 1424 324 1494 in
341 1421 534 1515 originibus
551 1432 589 1494 et
606 1423 875 1496 collectionibus
892 1445 1060 1518 vaporum
1079 1425 1117 1495 in
1133 1444 1242 1516 aquas

140 1538 329 1621 subterra,
345 1537 442 1608 unde
466 1559 560 1630 saepe
584 1539 784 1611 scaturiunt
805 1539 943 1614 fontes:
970 1548 1008 1610 et
1023 1559 1243 1633 quaecunque

140 1660 225 1725 sunt
241 1652 348 1746 hujus
364 1652 515 1745 generis.

192 1768 430 1840 Inveniuntur
452 1775 584 1848 autem,
601 1776 729 1860 praeter
753 1769 815 1841 illa
836 1793 917 1865 quae
942 1777 1028 1841 sunt
1047 1769 1176 1865 frigida
1197 1767 1242 1839 ad

141 1891 290 1966 tactum,
308 1883 468 1975 qnaedem
485 1882 555 1954 alia
574 1892 752 1975 potestate
778 1885 916 1980 frigida,
931 1908 1011 1977 quae
1033 1886 1144 1956 etiam
1160 1905 1245 1955 con·

142 2002 317 2084 densant3
350 2009 582 2070 veruntamen
613 2003 748 2094 operari
778 2002 945 2074 videntur
969 2023 1075 2096 snper
1099 2021 1246 2093 corpora

142 2115 349 2188 animalium
380 2122 533 2198 tantum,
559 2124 600 2187 et
629 2117 690 2187 vix
724 2115 828 2188 ultra
890 2115 1010 2210 Hujus
1037 2115 1178 2210 generis
1207 2137 1246 2185 se

143 2231 337 2304 ostendunt
360 2230 474 2302 multa
496 2232 533 2301 in
551 2231 737 2304 medicinis
760 2241 798 2304 et
817 2231 1027 2325 emplastris.
1078 2229 1162 2301 Alia
1184 2253 1247 2301 au-

143 2356 220 2419 tem
249 2345 469 2416 condenseat
503 2369 626 2418 carnes
654 2356 693 2419 et
727 2357 845 2440 partes
879 2345 1090 2442 tangibiles3
1127 2344 1247 2438 qualia

144 2469 230 2534 sunt
252 2460 513 2532 medicamenta
535 2462 780 2557 astringentia,
797 2473 905 2557 atque
929 2465 1040 2535 etiam
1060 2461 1248 2555 inspissar-

145 2577 219 2648 tia:
245 2574 316 2647 alia
337 2577 559 2648 condenseat
575 2578 729 2670 spiritus,
747 2580 783 2651 id
802 2580 898 2672 quod
916 2579 1073 2652 maxime
1093 2577 1250 2650 cernitur

145 2692 183 2762 in
200 2691 411 2784 soporiferis.
447 2691 593 2784 Duplex
610 2703 733 2765 autem
749 2705 805 2767 est
821 2697 949 2767 modus
966 2693 1250 2767 condensationis

145 2808 334 2901 spirituum
352 2829 414 2900 per
431 2807 692 2880 medicamenta
708 2811 911 2903 soporifera,
929 2810 1004 2881 sive
1020 2809 1250 2903 provocantia

145 2945 328 2996 somnum:
353 2921 445 2994 alter
460 2945 525 3016 per
540 2923 759 2996 sedationem
776 2934 915 3009 motus;
939 2924 1032 2996 alter
1047 2947 1111 3018 per
1127 2925 1250 3019 fugam

146 3039 346 3132 spirituum.
398 3037 544 3109 Etenim
565 3039 667 3123 viola,
685 3062 763 3112 rosa
785 3041 886 3125 sicea,
904 3040 1052 3122 lactuca,
1071 3049 1109 3110 et
1130 3039 1252 3131 hujus-

147 3155 247 3226 modi
267 3153 456 3226 benedicta
479 3156 554 3225 sive
579 3155 743 3249 benigna,
761 3178 825 3248 per
850 3177 997 3249 vapores
1017 3177 1099 3226 suos
1120 3153 1253 3224 amicos

147 3280 185 3344 et
202 3271 386 3342 moderate
402 3270 660 3364 refrigerantes,
672 3271 826 3344 invitant
842 3272 985 3366 spiritus
1002 3280 1043 3342 ut
1060 3293 1099 3342 se
1115 3269 1251 3352 uniant,

147 3397 186 3459 et
212 3389 370 3481 ipsorum
400 3409 518 3459 acrem
545 3397 584 3458 et
612 3389 815 3482 inquietum
842 3398 982 3462 motum
1010 3393 1253 3481 compescunt.

149 3503 271 3576 Etiam
287 3526 380 3597 aqua
397 3526 546 3588 rosacea,
564 3508 726 3598 apposita
746 3505 792 3578 ad
809 3528 911 3577 nares
935 3505 973 3576 in
991 3503 1157 3596 deliquiis
1179 3501 1255 3572 ani·

148 3643 225 3702 mae,
243 3621 388 3714 spiritus
411 3619 584 3693 resolutos
605 3630 643 3694 et
666 3622 817 3694 nimium
835 3619 1013 3692 relaxatos
1034 3641 1075 3690 se
1096 3619 1255 3712 recipere

148 3737 248 3822 facit,
278 3743 317 3809 et
346 3745 515 3829 tanquam
543 3737 618 3810 alit.
670 3737 726 3810 At
753 3738 881 3832 opleta,
906 3745 946 3808 et
974 3757 1098 3808 eorum
1127 3733 1255 3818 affinia,

149 3853 294 3946 spiritus
316 3852 422 3946 plane
443 3853 581 3948 fugant,
600 3877 647 3927 ex
671 3854 846 3949 qualitate
868 3876 933 3927 sua
954 3851 1110 3947 maligna
1128 3860 1167 3924 et
1188 3849 1258 3919 ini·

150 3971 255 4042 mica.
313 3969 441 4063 Itaque
475 3970 504 4040 si
537 3969 763 4064 applicentur
795 3972 889 4064 parti
923 3969 1105 4052 exteriori,
1135 3965 1257 4039 statim

151 4084 343 4180 aufugiunt
368 4085 520 4179 spiritus*
537 4086 582 4156 ab
608 4085 671 4159 illa
696 4097 809 4181 parte,
835 4109 902 4160 nec
927 4083 1080 4180 amplius
1105 4081 1259 4153 libenter

150 4273 277 4338 callam,
292 4271 367 4328 sarth
385 4271 452 4344 kept
469 4271 498 4328 in
514 4273 586 4328 cella.
630 4271 688 4329 Tbe
729 4273 761 4328 oi
781 4271 867 4328 earth.
904 4271 954 4328 See
974 4267 1164 4327 Richardson’s
1187 4263 1259 4320 Dict.

153 4349 269 4406 Chinsse
283 4349 318 4406 do
331 4359 378 4405 not
390 4369 421 4406 so
430 4351 499 4423 bury
509 4350 577 4406 their
586 4367 688 4407 massas
731 4351 821 4406 verbo

757 4459 824 4510 Ya
