3222 5148
348 335 392 401 96
674 334 848 400 NOVUM
872 331 1121 399 ORGANUM.

350 501 475 584 missis,
492 499 555 572 sed
572 521 619 572 ex
636 500 851 572 urbanorum
872 499 1106 572 sermunculis
1122 506 1161 569 et
1177 519 1225 569 ex
1244 497 1362 567 triviis
1378 517 1455 566 oon·

349 617 430 688 silia
451 640 514 688 sua
536 626 575 688 ot
598 619 742 712 negotia
760 617 999 711 gubernaret;
1024 617 1172 687 omnino
1188 613 1330 686 talis'in
1347 611 1456 706 philo·

349 733 510 826 sophiam
527 734 798 816 administratio,
809 742 985 826 quatenus
1002 733 1047 804 ed
1064 732 1340 825 experientiam,
1351 730 1456 800 intro-

349 852 460 922 dueta
481 859 548 922 est.
602 849 665 920 Nil
690 849 822 921 debitis
843 851 959 922 modis
981 850 1214 942 exquisitum,
1230 845 1285 918 uil
1302 845 1458 916 verilita-

351 977 441 1054 tum,
465 966 516 1037 nil
546 975 781 1050 numeratum,
806 965 856 1036 nil
882 987 1087 1060 appensum,
1110 963 1162 1036 nil
1191 963 1398 1034 dimensum
1422 963 1457 1034 in

350 1083 506 1155 naturali
534 1083 680 1154 historia
706 1084 891 1176 reperitur.
942 1080 996 1152 At
1021 1082 1116 1175 quod
1145 1083 1183 1152 in
1209 1080 1458 1152 observatione

350 1201 576 1272 indefinitum
593 1211 632 1272 et
649 1223 788 1294 vagum,
806 1201 842 1271 id
865 1201 903 1271 in
926 1200 1176 1272 informatione
1197 1196 1311 1268 fallax
1329 1205 1370 1267 et
1385 1197 1459 1268 inii-

349 1317 438 1386 dum
466 1325 532 1386 est.
583 1314 690 1399 Quod
716 1315 746 1386 si
772 1317 830 1386 oui
860 1315 935 1386 haeo
960 1315 1050 1386 mira
1075 1314 1176 1384 diotu
1199 1311 1403 1396 videantur,
1423 1321 1460 1384 et

351 1431 504 1525 querelae
528 1432 646 1502 minus
662 1431 770 1523 justae
793 1433 975 1525 propioru;
1001 1453 1084 1502 oum
1101 1428 1323 1500 Aristoteles
1340 1437 1459 1499 tantus

350 1550 427 1640 ipse
447 1549 507 1630 vir,
525 1557 564 1617 et
581 1548 672 1617 tanti
694 1549 788 1642 regis
810 1548 937 1641 opibus
959 1547 1143 1630 subnixus,
1161 1555 1237 1616 tam
1254 1555 1460 1616 aooumtam

351 1663 395 1734 ds
411 1661 617 1734 animalibus
634 1663 817 1735 historiam
834 1664 1052 1746 ooniaoerit3
1077 1674 1186 1756 atque
1209 1661 1272 1734 alii
1297 1661 1459 1734 nonnulli

352 1782 485 1874 majore
508 1779 695 1875 diligentia
713 1779 812 1868 (licet
835 1781 985 1873 strepitu
1008 1781 1160 1871 minore)
1178 1778 1297 1850 multa
1323 1780 1459 1871 adjeoe-

353 1899 447 1980 rint3
473 1907 510 1968 et
527 1919 645 1968 rursus
661 1897 721 1968 alii
740 1898 785 1968 de
804 1897 944 1990 plantis,
962 1896 1007 1968 de
1030 1895 1194 1979 metallis,
1212 1905 1252 1968 et
1270 1896 1457 1978 fossilibus,

353 2013 516 2086 historias
534 2021 572 2085 et
595 2015 813 2084 narrationes
829 2014 987 2107 copiosas
1003 2013 1301 2105 oonsoripserint;
1330 2013 1362 2084 is
1378 2035 1458 2084 sana

353 2153 424 2202 non
443 2133 527 2203 satis
544 2131 729 2202 attendere
747 2140 785 2201 et
802 2131 1000 2224 perspicere
1012 2128 1162 2210 videtur,
1173 2129 1260 2221 quid
1277 2139 1409 2224 agatur
1424 2132 1458 2200 in

353 2248 549 2340 praesentia.
601 2245 685 2318 Alia
702 2249 799 2318 onim
822 2256 878 2318 est
900 2247 990 2318 ratio
1010 2245 1182 2318 naturalis
1198 2245 1368 2330 historiae,
1386 2270 1458 2341 qua

353 2373 498 2457 propter
519 2387 558 2435 se
581 2363 742 2435 confecta
765 2373 840 2446 est;
866 2362 936 2434 alia
955 2363 1042 2456 ejus,
1059 2386 1138 2455 quae
1155 2362 1310 2434 collecta
1336 2375 1394 2436 est
1416 2365 1456 2436 ad

353 2479 617 2551 informandum
633 2479 859 2552 intellectum
884 2481 920 2550 in
937 2481 1060 2552 ordine
1076 2481 1123 2552 ad
1139 2481 1368 2554 condendam
1384 2481 1459 2577 phi·

355 2593 594 2689 losophiamll.
646 2594 770 2691 Atque
794 2597 848 2667 hae
871 2597 950 2668 duae
972 2597 1125 2668 historiar
1143 2607 1223 2668 tum
1246 2597 1328 2670 aliis
1344 2599 1457 2681 rebus

352 2721 432 2782 tum
463 2715 637 2807 praecipue
668 2715 704 2783 in
735 2713 803 2785 hoo
833 2713 1022 2798 differunt3
1049 2715 1144 2807 quod
1170 2715 1288 2807 prima
1312 2739 1361 2788 ex
1391 2715 1458 2786 illis

352 2828 550 2922 specierum
568 2831 784 2902 naturalium
802 2832 1021 2914 varietatem,
1040 2853 1111 2902 non
1128 2832 1261 2902 artium
1278 2831 1458 2904 mechani-

352 2969 473 3018 carum
502 2950 748 3041 experimenta
776 2947 967 3020 contineat.
1019 2946 1336 3031 Quemadmodum
1364 2949 1456 3019 euim

351 3064 387 3134 in
406 3065 570 3135 uirilibus
587 3064 772 3160 ingenium
790 3065 972 3156 cujusque,
990 3074 1029 3135 et
1044 3063 1205 3135 oocultus
1226 3065 1339 3135 animi
1357 3064 1457 3137 affec·
1563 3131 1564 3163 ,

351 3189 527 3273 tuumque
553 3202 684 3264 sensus,
710 3179 839 3252 molius
864 3179 1014 3263 elicitur,
1040 3201 1121 3250 oum
1149 3179 1228 3272 quis
1253 3181 1293 3250 in
1321 3191 1458 3274 pertur-

352 3298 497 3370 batione
524 3299 680 3392 ponitur,
704 3319 811 3390 quam
840 3295 945 3367 alias:
972 3296 1078 3367 simili
1106 3296 1223 3379 modo,
1249 3305 1290 3367 et
1320 3299 1457 3370 occultu

351 3425 486 3486 naturae
508 3416 621 3509 magis
645 3437 682 3486 se
707 3413 864 3507 produnt
888 3435 952 3505 per
968 3413 1174 3483 vexationes
1190 3414 1335 3497 artium,
1352 3439 1456 3508 quam

352 3554 435 3601 cum
455 3553 559 3602 eursu
582 3552 646 3601 suo
669 3538 801 3601 meant.
854 3527 981 3620 Itaque
1005 3536 1082 3598 tum
1107 3528 1253 3599 domum
1270 3530 1368 3602 bene
1383 3555 1456 3627 spe-

352 3647 503 3716 randum
525 3655 580 3718 est
604 3646 650 3715 de
673 3644 825 3716 naturali
849 3643 1080 3738 philosophia,
1101 3653 1291 3738 postquam
1312 3647 1455 3720 historia
1561 3649 1562 3652 ’

354 3761 524 3833 naturalis
542 3762 635 3854 (quse
660 3763 736 3854 ejus
762 3762 853 3832 basis
878 3770 934 3832 est
959 3769 998 3832 et
1023 3760 1314 3856 fundamentum)
1333 3764 1454 3836 melius

352 3878 527 3948 instructa
543 3877 672 3960 fuerit;
698 3887 804 3948 antea
821 3900 905 3948 vero
922 3879 1082 3948 minime.

387 4139 491 4196 ²⁰‘l'his
510 4142 533 4196 is
552 4159 587 4196 au
604 4142 692 4197 uniair
707 4145 883 4214 assumption.
925 4143 958 4198 sd
970 4161 999 4198 as
1013 4161 1104 4199 means
1117 4142 1178 4199 “ad
1190 4143 1362 4202 oondeudarn
1373 4145 1451 4219 philo-

351 4219 805 4292 Aristotle'sl‘hysioslworlrawere
814 4231 885 4277 most
925 4223 1076 4296 sophiam.''

352 4300 473 4356 valuable
488 4299 517 4354 in
534 4299 700 4364 themselves,
713 4301 766 4356 and
779 4300 884 4356 intend·
