3222 5148
639 341 727 408 LIB.
751 343 780 408 1.
798 361 868 410 122.
1230 345 1293 408 119

188 507 247 581 vel
271 507 317 580 ad
343 508 492 601 antiqua
516 508 645 582 secula
670 517 754 580 ante
778 507 983 580 Grmccrum
1004 515 1177 604 tempora,
1196 512 1294 603 (cum

188 624 345 697 scientiae
375 624 421 695 de
446 632 574 696 natura
599 626 713 720 magis
739 625 900 709 fortasse,
923 625 985 696 sed
1012 633 1135 697 tamm
1158 627 1293 720 maJore

188 763 273 812 cnm
294 740 449 828 silentio,
465 740 669 824 florueriut;
695 764 812 834 neque
837 742 876 812 in
892 740 1101 813 Graecorum
1126 743 1230 814 tubae
1255 752 1295 814 et

188 853 364 928 listnlssffl
378 857 495 929 adhuc
511 857 732 950 incidissent)
750 856 808 929 vel
825 859 935 929 etiam
954 861 1032 951 (per
1048 866 1165 951 partes
1181 859 1292 948 certe)

188 973 236 1044 ad
252 971 389 1066 aliquos
404 996 452 1045 ex
469 972 604 1046 Grecis
620 975 703 1068 ipsis
720 973 862 1058 referre,
879 982 988 1068 atque
1004 973 1295 1068 astipulationem

189 1089 418 1162 othonorum
434 1089 520 1160 inde
536 1100 680 1182 petere:
705 1111 805 1161 more
828 1111 1001 1162 novorum
1018 1090 1216 1175 hominum,
1234 1091 1295 1183 qui

188 1205 415 1277 nobilitatem
438 1206 505 1278 sibi
528 1229 575 1278 ex
598 1206 747 1299 antiqua
761 1206 881 1299 aliqua
896 1208 1068 1300 prosapia,
1085 1229 1151 1300 per
1165 1229 1295 1300 genea-

189 1319 366 1416 logiarum
399 1321 548 1404 favores,
586 1330 751 1393 astruunt
785 1330 824 1393 et
856 1322 1043 1418 affingunt.
1096 1321 1176 1394 Nos
1209 1345 1294 1394 vero

189 1460 310 1511 remm
333 1435 515 1510 evidentia
536 1437 630 1520 freti,
648 1459 791 1508 omnem
814 1439 1009 1510 commenti
1032 1447 1070 1510 et
1093 1439 1296 1531 impostnrae

189 1553 433 1627 conditionem
458 1553 646 1645 rejicimus,
665 1575 782 1647 neque
807 1555 853 1626 ad
883 1555 921 1624 id
948 1555 1043 1647 quod
1071 1555 1190 1650 agitur
1215 1554 1296 1648 plns

190 1671 364 1742 intereme
388 1677 566 1762 putamus,
585 1677 717 1754 utrum,
741 1693 818 1762 quae
838 1670 915 1763 Jam
941 1670 1178 1754 invenientur,
1203 1671 1296 1741 anti·

190 1787 273 1880 quis
288 1785 375 1858 olim
392 1787 544 1881 cognita,
561 1795 602 1858 et
617 1809 683 1880 per
700 1809 820 1858 rerum
838 1787 1097 1860 vicissitudines
1113 1795 1152 1857 et
1169 1786 1297 1858 meula

191 1901 393 1974 occidentia
409 1909 447 1972 et
463 1902 615 1974 orientis
630 1902 724 1988 sint;
749 1925 868 1995 quam,
885 1902 1088 1974 hominibus
1104 1925 1201 1973 curae
1218 1925 1296 1974 esse

192 2018 334 2101 debere,
351 2025 472 2088 utrum
493 2039 606 2090 novus
623 2017 718 2089 orbis
734 2017 843 2089 tirerit
865 2017 982 2090 insula
1004 2016 1068 2089 illa
1083 2015 1245 2090 Atlantis
1255 2014 1296 2105 ⁶¹,

191 2143 231 2206 et
261 2133 373 2206 veteri
401 2133 537 2205 mundo
567 2135 733 2228 cognitu
758 2156 805 2205 an
834 2157 930 2204 nunc
959 2134 1114 2226 primum
1144 2141 1294 2226 reperta

192 2248 329 2322 Renum
354 2251 452 2322 euim
476 2251 635 2321 inventio
651 2273 674 2320 a
698 2258 838 2322 nuturae
864 2249 945 2321 luce
970 2249 1135 2342 petenda,
1152 2270 1224 2319 non
1248 2248 1296 2321 ab

191 2366 414 2459 antiquitatis
430 2366 587 2440 tenebris
601 2367 797 2460 repetenda
812 2373 877 2438 est.

243 2482 352 2568 Quod
386 2503 470 2554 vero
501 2483 547 2554 ad
581 2481 816 2554 universalem
849 2483 955 2554 istam
986 2479 1297 2574 reprehensionem

191 2599 334 2683 attinet,
363 2598 599 2670 certissimum
629 2607 685 2670 est
712 2619 796 2668 vere
827 2619 902 2669 rem
928 2597 1119 2689 reputanti,
1147 2619 1227 2669 eam
1257 2605 1297 2668 et

193 2717 308 2810 magis
334 2714 553 2808 probabilem
580 2736 667 2796 esse,
694 2723 733 2785 et
760 2714 872 2808 magis
899 2713 1107 2794 modestam,
1133 2713 1296 2806 quamsi

193 2832 290 2904 ncta
315 2829 440 2903 fudisset
467 2853 514 2901 ex
540 2837 652 2924 parte.
704 2828 744 2901 Si
765 2830 862 2902 enim
885 2829 922 2900 in
946 2830 1068 2923 primis
1091 2829 1296 2900 notionibus

193 2969 329 3019 errores
353 2947 502 3018 radicati
526 2969 598 3018 non
625 2945 785 3029 fuissent,
808 2945 883 3016 fieri
910 2968 982 3016 non
1007 2944 1192 3038 potuisset,
1209 2945 1297 3036 quin

192 3065 366 3138 nonnulla
381 3075 479 3137 recte
497 3066 654 3148 inventa,
671 3061 741 3134 alia
762 3085 946 3156 perperam
963 3064 1110 3134 inventa
1127 3063 1298 3133 correxis-

192 3192 282 3255 sent.
335 3179 409 3254 Sed
437 3203 521 3252 cum
551 3202 685 3254 errores
712 3177 996 3250 fundamentales
1021 3177 1165 3259 luerint,
1187 3182 1297 3267 atque

193 3297 380 3393 ejusmodi,
397 3305 439 3368 ut
454 3297 617 3370 homines
635 3297 753 3390 potius
769 3317 825 3366 res
842 3294 1067 3390 neglexerint
1090 3315 1133 3364 ac
1156 3300 1300 3385 practer-

192 3419 310 3502 ierint,
327 3439 435 3510 quam
452 3417 498 3488 de
523 3415 594 3488 illis
619 3439 766 3511 pravum
786 3423 849 3486 aut
867 3415 996 3488 falsum
1007 3413 1187 3509 judicium
1204 3412 1301 3483 fece·

192 3535 287 3620 rint3
313 3532 460 3604 minime
488 3533 620 3603 mirum
648 3538 715 3614 est,
738 3533 768 3604 ei
794 3530 957 3604 homines
986 3531 1025 3602 id
1055 3553 1128 3601 non
1158 3527 1301 3599 obtinu-

192 3652 298 3732 erint,
321 3649 417 3743 quod
445 3671 516 3721 non
544 3649 703 3744 egerint3
728 3671 795 3721 nec
825 3649 871 3719 ad
897 3658 1032 3722 metam
1060 3644 1301 3739 pervenerint,

227 3872 254 3914 ω
266 3871 406 3946 Referring
417 3881 446 3929 to
454 3871 500 3928 the
510 3873 595 3928 music
604 3881 632 3928 to
640 3871 728 3928 which
739 3872 785 3928 the
797 3871 886 3928 Greek
898 3873 1070 3930 armiesvsrs
1081 3865 1303 3928 consumaret.

511 3991 583 4002 --
595 3966 694 4015 “anon
705 3959 770 4032 they
780 3977 859 4015 move

336 4039 370 4094 ln
382 4038 482 4110 pulset
494 4037 610 4109 phalanx
621 4047 650 4092 to
661 4036 709 4092 the
720 4037 822 4092 Dorica
834 4035 916 4092 mood

336 4114 377 4170 Ol
386 4115 464 4171 llutes
475 4115 529 4170 and
541 4115 595 4171 solt
606 4113 759 4171 mordes:
778 4115 846 4171 such
858 4133 887 4170 as
899 4113 987 4172 raised

333 4193 375 4250 'l'o
386 4193 481 4268 height
490 4195 523 4250 oi
530 4194 636 4251 noblest
647 4204 750 4265 tunper
759 4195 854 4250 beroea
866 4193 912 4250 old

334 4272 592 4345 Armingtobattle.
775 4273 884 4338 Milton,
897 4273 958 4328 Par.
973 4270 1049 4329 laost.
1064 4268 1086 4324 1.
1097 4283 1160 4343 549.

227 4378 252 4420 ⁸¹
273 4379 324 4434 See
336 4377 421 4442 Plato,
433 4377 503 4434 ttm.
517 4391 561 4448 25.
570 4395 696 4451 a-saqq.
