3156 5176
597 377 686 442 LIB.
702 377 751 443 11.
767 378 821 458 46.
1199 377 1264 440 285

160 539 330 632 temporis
362 537 506 630 aliquod
536 539 694 614 notabile
727 541 822 613 inter
849 540 1038 613 veritatem
1068 547 1107 612 et
1137 539 1263 624 risum,

160 656 254 727 foret
276 663 319 726 ιιι
342 655 485 748 speeies,
504 677 568 748 per
591 656 704 728 nubes
728 657 873 729 interim
894 657 1060 739 orientes,
1078 664 1117 726 et
1132 655 1265 728 similes

161 768 269 842 medii
299 771 593 865 perturbationes,
621 772 918 866 interciperentur
946 794 1197 866 sepenumero,
1226 781 1266 844 et

161 886 477 959 confunderentur.
527 886 652 981 Atque
678 889 725 960 de
749 889 924 961 mensuris
948 895 1151 983 temporum
1178 888 1264 960 sinr-

160 1001 312 1096 plicibus
328 1003 403 1074 haec
420 1003 517 1074 dicta
533 1004 615 1076 sint.

212 1117 353 1192 Verum
376 1143 449 1191 non
475 1118 590 1191 solum
614 1121 803 1214 quaerenda
828 1131 884 1194 est
908 1144 1077 1194 mensure
1100 1129 1266 1192 motuum

161 1242 200 1305 et
216 1235 396 1307 actionum
413 1235 631 1330 simpliciter,
649 1239 711 1310 sed
735 1238 851 1310 multo
874 1239 988 1332 magis
1004 1240 1265 1332 comparative:

162 1350 200 1423 id
217 1353 313 1424 enirn
331 1353 454 1424 eximii
472 1363 528 1426 est
543 1377 638 1437 usus,
652 1364 690 1427 et
707 1356 752 1427 ad
770 1355 924 1449 plurima
940 1363 1088 1450 spectat.
1140 1352 1267 1447 Atque

163 1466 336 1553 ridemus,
353 1467 533 1542 flammam
548 1470 700 1566 alicujus
717 1473 886 1543 tormenti
909 1472 1006 1566 ignei
1030 1470 1136 1543 citius
1156 1471 1265 1555 cerni,

163 1605 270 1674 quum
297 1585 433 1656 sonitus
458 1586 643 1672 audietur;
669 1586 754 1659 licet
778 1609 923 1660 necesse
953 1588 1011 1672 sit,
1036 1585 1145 1680 pilam
1170 1588 1267 1680 prius

163 1699 281 1770 adrem
306 1710 502 1793 percutere,
524 1725 632 1795 quem
657 1702 812 1790 flamma,
836 1727 914 1797 quaa
939 1725 1032 1798 pone
1058 1709 1144 1785 erat,
1168 1702 1267 1774 exire

164 1817 341 1909 potuerit;
367 1815 444 1888 fieri
469 1817 538 1890 hoe
563 1827 685 1891 antem
710 1828 856 1913 propter
872 1818 1085 1891 velociorem
1111 1826 1267 1890 transeo·

164 1932 299 2003 tionem
321 1942 442 2005 motus
465 1933 563 2018 lucis,
581 1957 690 2028 quem
714 1934 802 2006 soni.
854 1933 1032 2006 Videmus
1050 1933 1170 2017 etiarn,
1188 1955 1266 2026 spe-

164 2048 236 2119 eies
258 2050 412 2122 risibiles
434 2075 457 2123 a
479 2052 555 2124 visu
580 2051 686 2122 citius
711 2051 839 2144 excipi,
856 2073 962 2143 quam
988 2049 1143 2135 dimitti;
1170 2050 1266 2121 unde

163 2163 215 2246 fit,
233 2166 329 2256 quod
354 2167 452 2239 uerri
479 2167 614 2251 fidium,
636 2167 748 2260 digito
773 2165 929 2260 impulsi,
947 2164 1184 2258 duplicentur,
1201 2173 1266 2237 aut

163 2280 399 2374 triplicentur,
420 2282 536 2376 quoad
561 2281 727 2376 speeiem,
754 2283 837 2375 quia
862 2283 997 2376 speeies
1021 2302 1114 2352 nora
1139 2280 1266 2374 reeipi-

164 2403 235 2480 tur,
261 2407 452 2492 antequam
477 2400 572 2493 prior
597 2396 891 2481 dimittatur3'ex
916 2420 989 2491 quo
1013 2398 1122 2468 etiam
1151 2397 1266 2481 litut

164 2513 286 2584 annuli
313 2517 420 2587 rotati
443 2515 633 2588 videantur
660 2511 809 2608 globosi,
835 2522 873 2587 et
899 2515 960 2586 fax
990 2515 1126 2598 ardens,
1154 2523 1263 2586 noctu

166 2628 336 2702 velociter
357 2639 508 2725 portata,
525 2632 762 2725 conspiciatur
778 2631 940 2704 caudata.
991 2631 1115 2704 Etiam
1133 2655 1179 2703 ex
1197 2633 1265 2704 hoo

166 2745 398 2820 fundamento
423 2747 672 2841 inaequalitatis
697 2757 862 2820 motuum
885 2748 1002 2842 quoad
1025 2747 1266 2833 velocitatem,

166 2865 383 2959 excogitavit
399 2864 567 2937 Galilaeus
592 2887 736 2936 causam
761 2865 881 2937 fluxus
906 2873 944 2936 et
969 2864 1126 2937 refluxus
1151 2866 1266 2948 maris,

165 2987 306 3051 rotante
326 2989 420 3053 terra
435 2979 603 3064 velocius,
621 2981 720 3074 aquis
744 2982 899 3067 tardius3
925 2980 1077 3073 ideoque
1100 3003 1268 3052 accumu-

166 3093 321 3168 lantibus
350 3120 389 3168 se
417 3098 518 3191 aquis
546 3098 583 3169 in
611 3119 762 3178 sursum,
788 3105 827 3167 et
856 3095 986 3167 deinde
1015 3117 1079 3188 per
1103 3096 1199 3166 vices
1228 3117 1267 3168 se

165 3213 432 3284 remittentibus
460 3213 497 3284 in
528 3212 716 3297 deorsum
743 3219 785 3282 ιιι
819 3211 1082 3283 demonstratur
1114 3211 1152 3281 iu
1183 3232 1267 3282 rasa

165 3351 270 3421 equae
299 3329 480 3401 incitatius
513 3337 692 3400 movente.
745 3325 818 3399 Sed
853 3326 920 3398 boc
955 3335 1177 3398 commentus
1211 3335 1268 3396 est

166 3467 333 3517 concesso
363 3468 434 3517 non
463 3445 683 3518 concessibili
710 3443 821 3537 (quod
846 3453 940 3516 terra
966 3465 1095 3536 nempe
1125 3463 1268 3514 morea·
1335 3483 1341 3488 -

166 3561 262 3654 tur);
287 3585 328 3633 ac
356 3565 465 3635 etiarn
495 3585 567 3634 non
594 3563 685 3636 bene
710 3561 919 3634 informatus
945 3560 990 3633 de
1016 3561 1140 3631 oceani
1165 3569 1267 3630 motu

164 3678 377 3751 sexhorario.

215 3797 270 3868 At
287 3796 493 3891 exemplum
516 3795 621 3889 hujus
646 3796 708 3878 rei,
727 3797 773 3868 de
795 3819 866 3889 qua
889 3796 1019 3889 agitur,
1037 3791 1205 3864 videlicet
1221 3790 1267 3862 de

165 3914 415 4007 comparativis
431 3914 605 3986 mensuris
621 3919 798 3997 motuum,
811 3934 929 4006 neque
944 3910 1059 3983 solum
1077 3909 1129 3979 rei
1146 3908 1267 4001 ipsius,

164 4031 229 4102 sed
254 4039 292 4102 et
317 4053 402 4102 usus
426 4029 572 4125 insignis
597 4028 683 4122 ejus,
701 4028 761 4123 (de
788 4052 859 4123 quo
885 4025 991 4121 paulo
1016 4031 1102 4098 ante
1128 4021 1270 4116 loquuti

165 4148 301 4238 sumus)
320 4147 455 4219 eminet
478 4147 515 4217 in
538 4145 711 4217 cuniculis
728 4145 978 4228 subterraneis,
995 4143 1033 4213 in
1051 4139 1179 4233 quibus
1196 4136 1270 4209 col-

165 4264 304 4336 locetur
326 4263 444 4358 pulvis
466 4262 606 4357 pyrius3
632 4262 694 4334 ubi
717 4263 898 4334 immense
921 4259 1034 4332 moles
1052 4265 1168 4337 terrae,
1186 4253 1270 4325 redi-

166 4380 338 4463 ficiorum,
356 4387 394 4451 et
411 4377 591 4462 similium,
607 4378 875 4463 subvertuntur,
894 4385 932 4448 et
949 4377 985 4448 in
1003 4373 1119 4446 altum
1130 4370 1271 4464 jaciun-
