3078 5180
852 346 916 411 nii

332 517 497 582 doctissimi
521 520 718 602 reponeretis>
731 517 792 582 ista
806 528 838 582 et
853 521 1053 584 instauratio
1074 519 1271 584 scientinmm
1293 520 1436 587 debetur.

334 629 484 714 Superest
505 628 623 714 petitio,
645 627 808 715 majestate
830 637 886 692 tun
907 649 969 692 non
991 628 1139 716 indigum
1163 639 1195 694 et
1217 631 1351 696 maxime
1373 653 1437 696 om-

333 739 417 804 nium
432 740 546 805 faciens
560 741 601 805 nd
615 740 648 805 id
661 740 746 826 quod
759 739 875 826 egium.
905 740 954 804 En
967 748 1025 814 est,
1037 751 1083 815 ut,
1099 741 1223 827 qusndo
1239 741 1434 806 Salomonem

333 851 366 914 in
381 851 520 938 plurimis
534 851 663 928 referes,
674 852 860 938 judiciorum
882 851 1047 938 gravitate,
1062 872 1162 939 regno
1182 852 1319 938 pacifico,
1335 853 1436 918 cordis

335 961 505 1036 latitudine,
521 961 671 1027 librorum
686 962 829 1049 denique,
844 984 923 1048 quos
936 960 1142 1048 composuisti,
1159 963 1252 1028 nobili
1268 963 1434 1029 vadente:

334 1080 427 1144 etiem
442 1081 500 1144 hoc
515 1081 557 1146 ad
567 1081 705 1166 ejusdem
719 1081 804 1168 regis
815 1080 990 1167 exemplum
1004 1080 1112 1156 oddus,
1125 1091 1160 1146 ut
1170 1103 1260 1146 cures
1274 1081 1433 1147 historiam

334 1191 507 1256 naturalem
522 1200 555 1256 et
569 1191 853 1276 experimentslem
870 1211 975 1255 versun
991 1199 1024 1254 et
1038 1213 1187 1267 severam,
1203 1191 1315 1274 (missis
1336 1192 1433 1278 philo

334 1301 453 1388 logicis)
468 1311 500 1365 et
514 1323 585 1386 quae
599 1300 640 1365 sit
654 1301 686 1365 in
700 1301 809 1366 ordine
828 1302 870 1365 od
884 1301 1075 1366 condendum
1098 1301 1335 1389 philosophiam,
1350 1303 1433 1368 deni-

334 1433 395 1497 que
409 1411 531 1497 qualem
546 1433 601 1477 suo
615 1412 682 1476 loco
696 1412 912 1487 describemus,
928 1413 1055 1500 congeri
1070 1421 1102 1477 et
1116 1413 1242 1499 perlici:
1257 1423 1294 1478 ut
1308 1415 1432 1480 tandem

335 1533 405 1612 post
419 1535 466 1590 tot
480 1525 586 1590 mundi
601 1535 709 1591 aetstes
722 1525 924 1613 philosophie
939 1537 972 1591 et
986 1527 1122 1592 scientim
1140 1549 1203 1592 nou
1222 1528 1285 1592 sint
1304 1529 1434 1615 emplius

335 1635 468 1723 pensiles
489 1645 522 1702 et
542 1641 653 1713 serem,
668 1637 724 1702 sed
745 1637 850 1704 solidis
870 1637 1071 1725 experientius
1086 1639 1268 1727 omnigenae,
1283 1639 1435 1726 ejusdem-

336 1770 396 1832 que
411 1748 489 1812 behe
503 1748 674 1833 pensilem,
690 1748 830 1814 nituntur
844 1747 1060 1813 fundamentis.
1095 1749 1248 1835 Equidem
1267 1751 1434 1835 orqam

334 1859 474 1945 praehui;
498 1881 605 1924 verum
620 1859 765 1924 materies
779 1881 800 1923 a
813 1859 907 1924 rebus
920 1857 994 1944 ipsis
1009 1859 1145 1945 petenda
1166 1869 1222 1924 est
1267 1861 1355 1924 Deus
1372 1862 1435 1946 Op-

336 1970 428 2036 timus
443 1969 598 2036 Maximus
612 1969 809 2055 Msjeststem
825 1978 910 2036 tunm
925 1969 980 2035 diu
993 1977 1097 2036 servet
1110 1969 1302 2038 ineolumem

597 2155 807 2222 serenissimo
823 2155 982 2240 Msjestoti
997 2155 1073 2220 Tum

510 2295 625 2358 Servius
640 2292 883 2358 devinctissimus
898 2302 931 2358 et
945 2292 1165 2370 devotissimus,

867 2455 1142 2522 FRANOISCUS
1165 2455 1393 2532 vultensis,

1003 2567 1250 2632 Ciummnms
