3268 5146
643 349 733 416 nm.
757 349 805 416 11.
825 353 879 438 3⁶.
1246 355 1312 425 249

209 523 356 586 curvata
372 515 469 587 inter
487 513 654 608 pollioem
670 524 711 587 et
726 516 893 612 digitum,
910 513 1087 588 exsiliant.
1139 512 1312 588 Manifes·

155 707 158 714 ,
210 639 289 701 tum
307 631 402 701 enim
420 637 485 714 est,
502 630 570 702 hoo
587 653 657 702 non
675 654 777 725 posse
794 631 961 727 imputari
978 633 1049 704 a'e'ri
1066 655 1105 704 se
1122 654 1215 726 pone
1236 655 1312 704 eor·

209 767 276 839 pus
292 745 484 841 colligenti,
498 749 582 839 quia
599 746 679 818 fons
694 755 814 819 motus
831 758 886 820 est
902 749 938 818 in
955 749 1076 820 medio
1092 746 1233 820 luminae
1251 747 1309 820 rel

211 861 348 947 oalami,
366 864 492 934 nonin
511 865 693 935 extremis.

263 977 328 1070 (7.)
350 977 535 1064 Similiter,
552 980 599 1050 sit
615 987 743 1050 natura
758 978 935 1072 inquisite,
954 987 1073 1050 motus
1089 977 1151 1052 ille
1169 979 1311 1074 rapidus

211 1100 250 1164 et
278 1102 405 1186 potens
436 1093 663 1187 expansionis
695 1093 850 1189 pulveris
883 1095 972 1188 pyrii
1003 1095 1041 1164 in
1072 1091 1311 1168 flammamss:

210 1208 306 1280 unde
332 1217 440 1280 tantm
467 1209 579 1283 moles
605 1211 872 1294 subvertuntur,
895 1219 996 1282 tanta
1021 1211 1179 1304 pondera
1205 1213 1312 1283 emit

211 1333 346 1410 tantur,
377 1335 510 1419 quauta
538 1328 575 1397 in
606 1326 778 1398 eunioulis
807 1327 1014 1419 majoribus,
1040 1337 1079 1399 et
1109 1327 1310 1400 bombardis

212 1442 383 1514 videmus.
434 1442 576 1514 Bivium
595 1445 689 1516 eirea
712 1444 805 1514 hano
830 1453 994 1514 naturam
1018 1443 1091 1516 tale
1114 1453 1180 1517 est.
1232 1444 1311 1516 Aut

212 1558 390 1630 excitatur
405 1559 473 1630 iste
497 1567 618 1630 motus
633 1583 656 1630 a
671 1581 771 1630 mero
796 1560 950 1652 eorporis
975 1560 1138 1653 appetitu
1160 1581 1197 1631 se
1223 1560 1312 1632 dile·

211 1675 320 1755 tendi,
338 1681 526 1768 postquam
552 1675 659 1748 merit
682 1673 962 1758 inflammatum
987 1683 1051 1747 aut
1076 1676 1122 1748 ab
1146 1677 1310 1771 appetitu

210 1790 326 1861 mixto
342 1789 486 1883 spiritus
511 1791 621 1873 crudi,
639 1793 700 1884 qui
726 1791 849 1884 rapide
875 1790 971 1884 fugit
996 1791 1130 1886 ignem,
1147 1799 1248 1862 etex
1265 1813 1310 1862 eo

211 1907 433 1992 circumfuso,
468 1915 636 2000 tauquam
671 1931 717 1980 ex
748 1930 901 1991 earcere,
935 1907 1111 1980 violenter
1143 1907 1309 2000 erumpit.

212 2020 341 2094 Subola
365 2031 499 2106 autem,
517 2031 555 2094 et
571 2023 725 2118 vulgaris
745 2023 864 2116 opinio
881 2031 1023 2094 tantum
1041 2032 1201 2096 versatur
1217 2024 1310 2094 eirea

210 2138 363 2232 priorem
389 2138 492 2210 illum
518 2139 729 2232 appetitum.
786 2137 923 2210 Putant
949 2139 1046 2210 enim
1073 2139 1245 2224 homines,
1271 2160 1309 2211 se

211 2253 359 2348 pulohre
387 2255 635 2349 philosophari,
661 2255 690 2326 si
719 2261 886 2336 asserant,
912 2252 1092 2327 flammam
1122 2277 1169 2328 ex
1197 2255 1311 2328 forma

210 2369 380 2442 elementi
402 2373 614 2444 necessitate
629 2370 781 2463 quadam
805 2370 930 2442 donari
956 2369 1075 2442 locum
1100 2370 1310 2464 ampliorem

210 2486 415 2580 oooupendi,
433 2509 539 2580 quom
564 2486 660 2558 idem
678 2507 805 2580 eorpus
829 2484 1045 2578 expleverat,
1064 2509 1147 2558 oum
1173 2485 1312 2560 subiret

210 2600 359 2672 formam
385 2602 549 2696 pulveris,
566 2610 674 2694 atque
696 2602 780 2673 inde
803 2601 902 2694 sequi
920 2610 1058 2673 motum
1076 2603 1197 2674 iatum.
1248 2601 1311 2672 In-

210 2718 315 2788 terim
342 2717 491 2790 minime
517 2717 720 2802 advertunt,
751 2717 838 2790 lieet
863 2717 933 2790 hoo
960 2740 1084 2790 verum
1112 2717 1168 2802 sit,
1195 2718 1312 2811 posito

211 2833 305 2926 quod
323 2832 466 2906 flamma
481 2842 681 2930 generetur,
699 2841 821 2904 minen
847 2855 950 2928 posse
973 2834 1137 2928 impediri
1159 2832 1311 2905 llammae

209 2950 476 3043 generationem
498 2959 636 3022 etanta
660 2948 767 3032 mole,
785 2971 863 3043 quoe
889 2947 986 3020 illam
1014 2949 1248 3044 eomprimere
1273 2957 1312 3019 et

209 3064 380 3142 suffoeere
397 3074 526 3159 queat3
552 3074 681 3138 utnon
700 3065 897 3137 detineatur
914 3087 969 3138 res
992 3065 1036 3136 ad
1059 3067 1165 3136 istam
1188 3087 1312 3136 neees-

210 3181 362 3267 sitatem,
381 3183 426 3254 de
443 3206 513 3278 que
530 3183 735 3276 loquuntur.
779 3180 877 3253 Nam
895 3181 990 3275 quod
1007 3203 1152 3254 necesse
1169 3182 1216 3252 sit
1234 3181 1310 3253 lieri

210 3300 471 3392 expansionem,
489 3308 597 3392 atque
622 3299 708 3370 inde
733 3298 832 3390 sequi
854 3297 1092 3380 emissionem,
1110 3304 1174 3369 aut
1197 3318 1313 3367 remo-

210 3415 344 3487 tionem
358 3417 516 3509 oorporis
533 3414 629 3509 quod
645 3413 774 3494 obstat,
793 3414 822 3483 si
839 3421 1030 3507 generetur
1043 3411 1197 3494 flamma,
1211 3420 1310 3484 reete

244 3669 268 3712 ²¹
286 3671 344 3728 'l'he
361 3673 495 3746 expletive
512 3687 601 3742 porrar
614 3670 646 3726 oi
661 3668 738 3725 Gun-
779 3665 813 3724 de
831 3667 935 3724 Nature
954 3667 1084 3732 Rerum,”
1096 3668 1175 3738 einp.
1185 3685 1213 3740 9,
1223 3665 1313 3723 whiolr

208 3750 324 3822 povder.
361 3749 738 3820 liereBecon’elanguagsis
778 3747 841 3802 isa
860 3755 919 3818 part
937 3748 969 3804 oi
986 3747 1033 3803 the
1050 3747 1198 3820 imment·
1218 3745 1250 3802 ol
1267 3745 1314 3800 the

208 3828 286 3902 again
299 3828 463 3902 tingedwith
476 3829 522 3884 the
533 3827 578 3883 old
592 3825 738 3883 Scholastic
778 3824 864 3880 'l'hird
904 3825 968 3882 Part
1000 3825 1032 3882 ol
1064 3824 1110 3880 the
1141 3823 1313 3880 Instaumio.

207 3909 360 3964 mmneroi
367 3908 531 3980 expression,
541 3905 738 3977 “crudusspi·
780 3903 879 3960 Milton
899 3905 1043 3960 illustratas
1063 3902 1110 3960 the
1131 3904 1265 3975 lanffuepe
1285 3899 1318 3956 oi

206 3985 283 4050 ritus,
301 3987 348 4059 qui
365 3995 406 4042 est
422 3987 451 4041 iu
470 3985 578 4040 Nitro.”
615 3984 668 4040 Hie
681 4001 739 4055 way
779 3981 825 4038 tire
838 3982 959 4039 Schools.
997 3981 1058 4038 Par.
1071 3981 1147 4047 lom
1159 3981 1195 4036 vi.
1208 3981 1270 4053 478.

207 4063 240 4119 oi
259 4066 420 4138 mounung
440 4064 483 4120 lor
502 4064 524 4118 it
543 4063 567 4118 is
590 4061 740 4135 ubeolutely
863 4095 1025 4151 ..mamb
1038 4093 1105 4148 duh
1117 4090 1172 4148 md
1184 4089 1266 4148 ΜΟ

206 4143 459 4294 mmm
469 4139 657 4276 aluham
635 4141 740 4196 hum
799 4173 840 4230 ot
848 4173 994 4246 spirituous
1006 4169 1060 4228 and
1072 4171 1177 4226 nitrous
1189 4165 1314 4241 spume.”

207 4307 281 4370 petre
292 4300 346 4355 and
359 4301 488 4372 Sulphur.
517 4298 561 4354 lle
572 4299 692 4370 mlargas
704 4315 740 4354 on
781 4295 859 4352 Nitre
878 4295 901 4351 ie
917 4295 966 4349 the
983 4293 1048 4350 base
1068 4290 1100 4347 ol
1116 4307 1199 4362 many
1215 4287 1317 4345 violent

208 4376 251 4432 his
263 4380 432 4450 explanation
440 4379 468 4433 in
478 4377 521 4433 hia
531 4383 550 4409 ‘⁸
558 4377 740 4448 Cogitationes
782 4375 938 4444 detonatiug
950 4372 1116 4428 substentes.
