3268 5146
347 337 412 404 272
679 335 853 404 NOVUM
876 336 1124 404 ORGANUM.

349 499 416 571 Ere
449 507 544 582 eunt,
578 521 656 591 quae
689 500 856 594 supplent
896 502 1193 582 informationem,
1227 500 1289 571 ubi
1330 522 1453 572 sensns

348 615 454 706 plane
481 616 711 686 destituitur:
750 624 858 709 atque
888 617 1019 687 idcirco
1048 616 1093 687 ad
1124 638 1184 688 eas
1213 615 1452 711 confugimus,

349 754 432 802 cum
451 731 627 802 instantia
648 731 795 825 proprie
816 731 941 804 baberi
963 753 1035 801 non
1051 730 1197 824 pomint.
1249 727 1453 825 Duplicitoe

349 857 470 919 autem
497 847 539 918 fit
563 845 792 919 substitutio:
819 854 883 918 aut
908 869 972 940 per
996 847 1277 941 graduationem,
1301 855 1367 918 ant
1391 869 1454 940 per

349 961 508 1058 analoga.
576 961 744 1057 Exempli
778 965 913 1057 gratia:
956 984 1028 1034 non
1065 963 1247 1034 invenitur
1280 963 1452 1046 medium,

349 1081 447 1173 quod
476 1079 637 1153 inhibeat
664 1102 805 1173 prorsus
835 1081 1078 1173 operationem
1106 1079 1283 1172 magnetis
1314 1080 1353 1148 in
1378 1101 1455 1150 mo-

350 1196 467 1268 vendo
497 1196 653 1268 ferrum:
688 1219 759 1266 non
788 1217 913 1266 aurum
940 1195 1202 1288 interpositum,
1227 1217 1301 1264 non
1326 1217 1454 1290 argan-

350 1325 440 1396 tum,
474 1335 545 1383 non
581 1311 677 1405 lapis,
716 1333 786 1382 non
823 1312 965 1392 vitrum,
1000 1310 1147 1406 lignum,
1181 1333 1284 1403 aqua,
1319 1311 1451 1394 oleum,

350 1451 488 1521 pannus
520 1439 584 1500 aut
617 1451 764 1520 corpora
790 1427 928 1511 librosa,
958 1429 1027 1510 abr,
1058 1427 1210 1510 flamma,
1238 1437 1278 1498 et
1312 1437 1453 1500 caetcra.

350 1542 526 1616 Attamen
557 1567 619 1636 per
651 1545 896 1638 probationem
930 1555 1094 1616 exactam
1124 1544 1272 1616 somnae
1301 1544 1454 1616 inveniri

350 1661 460 1751 possit
488 1659 631 1752 aliquod
657 1660 829 1744 medium,
850 1662 944 1753 quod
974 1661 1123 1732 hebetet
1149 1661 1317 1732 mantem
1343 1663 1455 1754 ipsius

350 1774 430 1869 plus
463 1798 568 1868 quam
603 1775 747 1869 aliquod
781 1777 889 1863 aliud,
917 1779 1156 1871 comparative
1190 1787 1229 1848 et
1262 1779 1299 1847 in
1333 1777 1455 1871 aliquo

348 1893 484 1987 gradu:
524 1893 634 1963 veluti
668 1893 762 1984 quod
791 1916 863 1964 non
895 1895 1012 1965 trabat
1041 1915 1189 1988 magnes
1222 1893 1357 1966 ferrum
1392 1917 1456 1988 per

350 2019 487 2080 tantam
517 2010 709 2080 crassitiem
737 2010 824 2091 auri,
845 2030 952 2100 quam
983 2031 1046 2102 per
1072 2031 1135 2102 par
1158 2009 1313 2102 spatium
1339 2011 1453 2094 aerim

350 2136 413 2197 aut
430 2149 493 2219 per
509 2133 650 2196 tantum
666 2135 854 2218 argentum
872 2124 1038 2219 ignitum,
1057 2147 1163 2216 quam
1181 2147 1245 2218 per
1261 2124 1454 2219 frigidum

349 2243 462 2314 etsie
489 2242 533 2312 de
559 2240 742 2312 similibus.
801 2237 897 2312 Nam
924 2240 970 2311 de
995 2239 1050 2310 his
1074 2261 1138 2311 nos
1164 2240 1454 2332 experimentum

349 2381 421 2430 non
447 2358 618 2430 fecimus:
644 2357 706 2428 sed
733 2355 864 2427 sufficit
889 2365 1020 2439 tamen,
1038 2365 1079 2427 ut
1103 2367 1347 2450 proponantur
1373 2356 1454 2429 loco

349 2473 517 2566 exempli.
569 2471 741 2544 Similiter
758 2495 830 2544 non
847 2471 1028 2544 invenitur
1043 2472 1102 2544 hic
1118 2471 1211 2566 apud
1231 2495 1298 2544 nos
1314 2497 1453 2568 corpus,

349 2591 444 2682 quod
471 2611 541 2659 non
563 2590 730 2682 suscipiat
755 2588 911 2660 calidum
934 2589 1008 2683 igni
1034 2590 1331 2682 approximatam.
1385 2589 1455 2662 At·

351 2714 470 2776 tamen
502 2704 606 2797 longe
636 2705 741 2776 citius
770 2705 916 2797 suscipit
946 2704 1098 2776 calorem
1125 2705 1195 2787 abr,
1218 2727 1325 2797 quam
1354 2706 1453 2800 lapis

349 2820 473 2912 Atque
490 2819 572 2890 telis
588 2829 642 2892 est
658 2819 875 2903 substitutio,
894 2843 976 2914 quae
993 2821 1035 2890 fit
1051 2843 1115 2914 per
1130 2820 1271 2914 gradus

294 2983 298 2992 ·
400 2936 615 3009 Substitutio
631 2948 752 3009 autem
772 2961 835 3031 per
850 2937 1009 3030 analoga,
1027 2937 1125 3008 utilis
1141 2959 1236 3019 eane,
1254 2937 1317 3008 sed
1335 2939 1454 3011 minus

350 3067 449 3126 certa
474 3064 552 3136 est;
587 3065 695 3148 atque
729 3055 861 3126 idcirco
891 3077 974 3124 cum
996 3054 1135 3148 judicio
1165 3054 1322 3145 quodam
1352 3053 1453 3124 adhi-

351 3171 475 3244 benda
540 3169 594 3242 Ea
618 3172 671 3257 lit,
698 3193 780 3242 cunr
806 3169 996 3244 deducitur
1021 3169 1275 3242 non-sensibile
1300 3170 1346 3240 ad
1373 3193 1454 3243 een·

349 3313 450 3373 aum;
486 3311 556 3359 non
587 3312 650 3382 per
683 3287 905 3382 operationes
938 3285 1122 3358 sensibiles
1156 3287 1267 3379 ipsius
1295 3288 1452 3380 corporis

350 3406 575 3490 insensibilis,
592 3407 654 3478 sed
678 3428 741 3498 per
760 3403 1101 3496 contemplationem
1125 3403 1280 3495 corporis
1302 3401 1453 3496 alicujus

350 3524 491 3617 cognati
522 3521 707 3594 sensibilis.
759 3519 928 3612 Exempli
954 3521 1090 3614 gratia:
1122 3521 1150 3590 si
1182 3520 1382 3611 inquiratur
1408 3520 1453 3591 de

349 3643 497 3712 mistura
522 3639 721 3731 spirituum,
745 3637 805 3728 qui
831 3645 915 3706 sunt
938 3659 1085 3728 corpora
1111 3635 1370 3710 non-visibilia:
1403 3639 1453 3707 ri-

348 3916 454 3972 garoua.
490 3897 566 3970 'I'ney
577 3897 696 3954 mmtba
710 3899 775 3968 kept
787 3897 878 3952 within
919 3896 1246 3970 vey‘sgrendiscovem
1262 3896 1351 3952 artha
1363 3898 1452 3952 valva

349 3980 424 4034 strict
440 3977 523 4034 limito
537 3976 568 4031 ol
578 3977 771 4047 Homopeaeitp,
783 3994 815 4032 or
827 3979 879 4032 alre
919 3977 948 4030 in
960 3977 1047 4047 planta
1064 3993 1108 4030 ara
1123 3983 1152 4030 to
1165 3975 1211 4030 the
1228 3993 1285 4046 sap,
1297 3975 1348 4030 dac.
1361 3993 1394 4032 ao
1409 3993 1454 4032 ara

349 4056 411 4129 they
423 4057 476 4112 will
489 4055 607 4110 misicad.
635 4054 746 4126 Beyond
759 4055 879 4110 thoreti·
920 4054 966 4109 tba
983 4055 1073 4110 vnlvca
1091 4055 1119 4108 in
1143 4052 1282 4108 tharsim
1305 4065 1334 4110 to
1354 4053 1452 4110 Blcod.

348 4137 412 4194 mita
424 4137 547 4207 Analogy
559 4136 612 4190 will
627 4133 722 4190 indeed
738 4135 798 4206 give
810 4135 881 4190 tao
919 4132 978 4188 Tha
993 4151 1067 4188 maes
1085 4149 1129 4186 arc
1146 4131 1374 4203 Homogenaoun
1392 4133 1414 4188 it
1429 4133 1453 4188 ir

348 4217 402 4274 and
412 4216 512 4271 chance
524 4213 715 4284 probabditica3
728 4214 778 4269 but
786 4213 879 4270 within
919 4210 965 4266 the
977 4210 1104 4282 principle
1115 4210 1200 4265 oltha
1211 4209 1316 4280 grontb
1328 4210 1360 4266 of
1368 4211 1453 4284 living
1589 4237 1590 4252 ,

349 4299 425 4354 those
436 4293 519 4350 limita
530 4293 576 4348 the
587 4293 762 4365 argumentis
775 4301 877 4364 strong,
918 4289 1250 4361 beinga,wbicb,inbotb
1265 4289 1452 4356 mnonld
1589 4299 1590 4304 ’

348 4376 402 4432 and
414 4376 510 4430 almon
522 4373 680 4428 conclusive.
717 4371 754 4426 So
766 4372 793 4426 in
808 4367 877 4426 Har-
918 4370 952 4426 bc
963 4369 1050 4426 under
1062 4369 1107 4424 abs
1120 4385 1193 4423 same
1203 4369 1262 4422 law.
1589 4387 1590 4396 ¹
