3078 5180
18 1 296 250 s

312 321 357 384 62
640 319 815 386 NOVUM
836 317 1086 386 ORGANUM.

312 484 350 555 in
367 492 494 556 natura
511 481 659 555 fundato
674 493 768 568 suut,
786 493 952 557 orosom
974 491 1015 556 et
1036 489 1235 576 augentur:
1262 503 1344 573 quae
1361 501 1421 550 au·

311 607 387 672 tem
410 600 448 669 in
475 599 650 694 opinione,
672 602 864 686 smenon,
890 622 964 673 non
993 608 1183 695 augentur.
1235 597 1420 690 ltaquosi

311 716 392 790 istae
417 717 587 788 doetrinae
614 717 720 812 plano
745 717 858 790 instar
877 715 1010 811 plante
1033 740 1056 788 a
1079 715 1249 810 stirpibus
1273 715 1348 787 auis
1370 737 1422 785 re·

313 831 421 905 vnlaae
444 855 517 905 non
534 842 662 917 essent,
680 834 744 906 sed
769 841 873 908 utero
898 841 1034 905 nature
1058 831 1297 914 ndhaererent,
1315 841 1421 924 atque

312 950 360 1023 ab
375 951 502 1023 eadem
519 950 711 1034 alerentur,
723 951 762 1021 id
778 951 928 1022 minime
945 957 1159 1022 eventurum
1176 949 1315 1034 fnisset,
1329 950 1421 1041 quod

312 1090 377 1162 per
391 1089 502 1140 annos
520 1067 573 1140 bis
590 1067 689 1138 mille
699 1069 778 1159 Jam
794 1067 871 1138 lieri
881 1067 1063 1140 videmus:
1089 1087 1230 1160 nempe,
1248 1079 1293 1137 ut
1309 1065 1421 1138 soien-

312 1183 372 1255 tiae
387 1184 459 1256 suis
482 1185 640 1258 haereant
656 1185 824 1280 vestigiis,
842 1194 881 1256 et
906 1185 943 1254 in
969 1185 1097 1256 eodem
1123 1183 1199 1254 lere
1222 1191 1326 1254 statu
1350 1205 1422 1254 ms-

311 1310 432 1384 neont,
449 1323 567 1394 neque
585 1309 821 1396 augmentum
844 1300 991 1393 aliquod
1014 1297 1247 1372 memorabile
1264 1321 1423 1394 sumpse·

311 1418 406 1501 rint;
432 1417 519 1510 quin
541 1419 661 1510 potius
686 1419 723 1488 in
746 1419 862 1513 primo
883 1427 1030 1490 auotore
1050 1417 1208 1490 maxime
1224 1415 1422 1502 floruerint,

311 1541 351 1603 at
367 1533 536 1626 deinceps
552 1533 819 1608 dealinaverint.
872 1534 917 1606 In
935 1533 1071 1606 artibus
1096 1541 1218 1606 autern
1241 1534 1423 1606 meobnni-

312 1649 374 1733 ois,
400 1671 482 1742 quae
507 1651 545 1720 in
570 1661 697 1722 natura
721 1659 758 1722 et
784 1652 1019 1746 experientia
1041 1650 1125 1722 lnoe
1147 1650 1307 1722 fflndatae
1329 1660 1421 1734 sunt,

312 1774 437 1838 eontra
458 1767 600 1838 evenire
617 1767 800 1840 videmus:
826 1789 906 1860 qne
926 1766 1108 1860 (quamdiu
1132 1767 1293 1862 plaoent)
1312 1768 1422 1840 veluti

311 1885 437 1978 spiritu
455 1885 611 1978 quodam
628 1884 783 1978 replete,
802 1886 972 1958 continuo
989 1894 1160 1980 vegetant
1176 1895 1216 1956 et
1235 1895 1420 1969 oresount;

312 2000 429 2092 primo
445 2001 561 2086 mdes,
578 2002 708 2073 deinde
731 2003 939 2088 eommodae,
956 2011 1081 2097 postea
1100 2003 1270 2088 exorrltae,
1289 2011 1331 2074 et
1347 2025 1421 2096 por·

312 2125 423 2211 petuo
440 2125 564 2190 auotae.

784 2232 948 2310 LXXV.

363 2351 484 2422 Etiam
507 2351 603 2422 aliud
626 2352 767 2446 signum
790 2353 1003 2446 eapiendum
1021 2360 1096 2436 est;
1123 2351 1169 2446 (ei
1195 2351 1307 2423 modo
1332 2354 1420 2449 signi

314 2467 506 2561 appellatio
527 2466 611 2538 bulo
633 2476 835 2562 oompetat3
863 2491 947 2542 oum
964 2469 1082 2564 potius
1099 2469 1350 2540 testimoninm
1368 2472 1420 2554 u't,

312 2592 422 2677 atque
438 2582 530 2654 adeo
546 2583 833 2655 testimoniorum
851 2586 1010 2658 omnium
1027 2583 1285 2656 velidiaeimum
1298 2585 1327 2680 ς)
1355 2588 1421 2659 hoo

313 2709 380 2783 est,
409 2699 550 2792 propria
578 2699 752 2774 confessio
786 2711 983 2786 auetonrm,
1014 2723 1103 2794 quos
1131 2701 1300 2776 hominos
1327 2727 1420 2776 nuno

313 2826 522 2911 sequnntur.
574 2817 671 2889 Nam
701 2827 741 2890 et
770 2817 832 2903 illi,
857 2821 918 2913 qui
948 2827 1049 2891 tanta
1079 2817 1209 2890 iidnoia
1238 2819 1285 2892 de
1317 2822 1420 2894 rebus

311 2936 555 3029 pronuntiant,
567 2944 688 3008 tamen
702 2958 766 3030 per
779 2933 978 3020 intervalla,
991 2957 1074 3007 oum
1087 2935 1133 3007 ad
1147 2958 1186 3007 se
1198 2937 1365 3023 redeunt,
1377 2939 1420 3010 ad

312 3053 550 3146 querimonias
577 3051 622 3125 de
649 3062 786 3124 nature
812 3053 1021 3136 subtilitate,
1044 3075 1164 3125 rernm
1191 3053 1420 3140 obscuritate,

312 3169 458 3242 hnmani
482 3168 616 3263 ingenii
639 3168 857 3254 infirmitate,
874 3189 913 3240 se
930 3165 1183 3240 oonvertnnt⁵³.
1236 3167 1324 3244 Hoc
1340 3193 1420 3243 vero

312 3288 341 3360 si
367 3285 576 3380 simpliciter
600 3286 711 3370 fieret,
729 3283 819 3358 alios
841 3285 1002 3370 fortasse,
1019 3285 1081 3377 qui
1105 3293 1189 3358 sunt
1212 3285 1420 3374 timidiores,

312 3402 359 3474 ab
380 3403 542 3475 ulteriori
565 3403 796 3496 inquisitione
820 3403 1008 3486 deterrere,
1027 3401 1115 3475 alios
1138 3424 1232 3486 vero,
1251 3407 1315 3496 qui
1338 3417 1421 3478 sunt

314 3519 456 3614 iugenio
482 3519 642 3590 alacriori
667 3527 706 3591 et
732 3519 844 3615 magis
870 3521 1005 3604 fidenti,
1031 3519 1076 3590 ad
1107 3518 1317 3592 ulteriorem
1343 3545 1421 3617 pro-

313 3659 472 3730 gressum
497 3658 625 3708 sonere
654 3644 692 3707 et
720 3637 867 3709 inoitnre
895 3637 1016 3730 possit.
1067 3633 1209 3708 Verum
1234 3660 1309 3709 non
1337 3641 1420 3712 satis

313 3751 383 3823 illis
400 3760 464 3836 est,
482 3753 530 3824 do
545 3775 585 3824 se
601 3754 775 3848 confiteri,
794 3755 855 3826 sed
873 3753 1044 3847 quioquid
1067 3753 1134 3825 sibi
1157 3753 1243 3846 ipsis
1265 3765 1332 3826 aut
1348 3777 1419 3828 ma·

312 3866 431 3962 gistris
460 3867 531 3940 suis
560 3867 782 3962 incognitum
811 3879 875 3940 aut
903 3870 1080 3942 intantum
1104 3865 1224 3952 buerit,
1250 3867 1288 3940 id
1319 3883 1419 3944 extra

314 3984 486 4056 terminos
500 3984 674 4079 possibilis
690 3995 847 4079 ponunt;
874 3995 912 4057 et
925 3996 1096 4080 tanquam
1113 4007 1160 4056 ex
1176 3995 1257 4058 arto
1271 3991 1418 4086 eognitu

348 4234 845 4309 ”SeetbebeginningoiDnlers-
885 4236 1417 4311 mynnukabsquausamn

313 4315 845 4388 mie'ssserponthaSeeptieanbilo·
885 4313 1417 4388 oldoubtborrleriugondespondsu·

313 4393 699 4467 phyiutbossueyel.bletr.
736 4394 845 4450 “rm
886 4394 1416 4467 spiutboloupuagsolitrurostrlb-

314 4473 360 4528 the
377 4475 480 4531 earliest
497 4492 560 4547 ngas
578 4473 609 4530 ol
627 4473 792 4546 Philosophy
806 4491 844 4529 we
885 4473 1041 4546 tinguiabsrl
1051 4473 1213 4530 lollovsrss'
