3268 5146
612 323 701 388 LIB.
720 323 768 388 11.
793 342 845 405 21,
862 342 912 390 22.
1251 322 1315 392 199

212 485 307 580 quod
326 494 382 558 est
397 487 434 556 in
452 487 576 560 ordine
598 489 644 560 ad
668 489 870 562 hominem:
896 497 1032 572 octavo,
1051 487 1096 556 de
1113 486 1314 582 parasceve

213 601 558 697 disquisitionem:
585 614 765 698 postremo
782 614 915 688 autem,
934 605 979 676 dc
998 601 1092 676 oculu
1117 602 1314 676 mccnsoric

213 728 246 792 ct
265 718 482 794 commuta
498 719 755 794 mannaan.

679 911 844 984 xxnfl.

262 1035 365 1108 Inter
381 1035 635 1134 puoercpctiocs
660 1036 918 1122 instantiarum,
936 1038 1050 1130 primo
1076 1058 1313 1130 proponemus
1383 1117 1387 1128 Ι

212 1150 396 1224 instinctos
412 1149 598 1224 solitulius.
640 1151 702 1224 Eae
719 1165 840 1226 autem
858 1162 942 1226 sunt
958 1149 1137 1236 solitaria,
1155 1176 1232 1246 quae
1251 1176 1315 1224 ex-

212 1266 338 1338 hibent
358 1265 562 1348 naturamt
581 1270 627 1339 de
649 1292 720 1364 qua
741 1269 783 1340 lit
807 1269 1003 1362 inquisitio,
1020 1269 1058 1337 in
1075 1265 1206 1337 talibus
1231 1266 1313 1337 sub-

204 1385 321 1478 jectis,
349 1408 428 1478 quoe
457 1384 508 1456 nil
535 1385 672 1458 habent
698 1408 887 1458 commune
915 1408 998 1456 cum
1027 1383 1106 1454 aliis
1133 1383 1311 1478 subjectis,

212 1508 341 1592 practer
356 1500 454 1572 illam
471 1502 584 1594 ipsam
610 1512 793 1573 naturam:
819 1509 883 1572 aut
908 1523 1027 1572 rursus
1050 1522 1128 1592 quae
1154 1522 1226 1569 non
1251 1521 1313 1571 ex-

211 1613 337 1686 hibent
363 1626 536 1702 uaturam,
559 1617 605 1688 de
630 1640 701 1710 quo
727 1617 768 1688 lit
793 1617 987 1710 inquisitio,
1010 1617 1047 1685 in
1075 1613 1205 1686 talibus
1230 1613 1313 1684 sub·

204 1731 324 1824 jectis,
342 1754 419 1824 quae
436 1742 520 1804 sunt
542 1732 672 1806 similia
694 1755 759 1826 per
775 1734 895 1805 omnia
920 1756 1003 1804 oum
1028 1730 1108 1802 aliis
1132 1729 1311 1823 subjectis,

210 1855 443 1942 preterquam
460 1850 495 1920 in
514 1849 576 1921 illa
592 1850 669 1944 ipsa
685 1858 822 1920 natura.
875 1847 1112 1920 Manifestum
1130 1847 1226 1918 enim
1245 1855 1311 1929 est,

210 1963 305 2056 quod
323 1965 525 2059 hujusmodi
542 1967 718 2037 instantiae
735 1963 866 2037 tollant
882 1965 1059 2058 ambages,
1077 1971 1188 2055 atque
1212 1985 1312 2034 acce·

211 2080 327 2153 lerent
352 2089 391 2153 ot
415 2082 583 2154 roborent
608 2081 841 2162 ecolosinam
866 2083 957 2153 adeo
975 2089 1017 2151 ut
1038 2102 1158 2174 pancae
1175 2101 1221 2152 ex
1246 2078 1311 2149 ilis

210 2197 282 2268 sint
297 2198 409 2269 instar
425 2197 630 2270 multarum.

260 2312 426 2408 Exempli
444 2315 577 2410 gratia:
604 2317 633 2386 si
652 2313 715 2386 flat
732 2314 913 2407 inquisitio
931 2314 976 2385 de
994 2321 1120 2383 natura
1140 2310 1311 2394 colotisss,

245 2542 271 2582 ⁴²
290 2542 331 2598 ol
345 2541 420 2598 these
437 2543 500 2599 nine
512 2543 646 2600 “Auxilia
663 2543 739 2599 intel·
782 2543 862 2608 titles,
874 2551 929 2608 too,
942 2543 995 2599 end
1008 2543 1054 2600 the
1066 2542 1255 2609 subdivisione,
1268 2561 1313 2600 are

209 2621 324 2686 lectue,”
336 2621 741 2694 oneonlyhesbeenperiectly
781 2623 854 2678 osten
872 2623 990 2679 hncihsl.
1027 2623 1173 2678 Pnumlar
1191 2623 1312 2680 “Ptero-

209 2699 414 2772 eacompliehed.
451 2699 503 2756 We
514 2701 581 2758 heve
592 2701 739 2774 fragments
780 2701 905 2774 Μεθ’
930 2719 983 2768 ere,
1007 2701 1138 2766 however,
1161 2703 1313 2776 pmctically

210 2779 241 2834 oi
250 2796 324 2834 some
335 2778 366 2834 oi
377 2779 423 2834 the
435 2779 534 2845 others,
546 2781 597 2836 but
608 2798 644 2835 no
656 2797 738 2834 more.
781 2789 919 2861 speaking,
943 2788 1106 2860 confinuffly
1129 2787 1211 2860 being
1234 2787 1312 2844 mede

209 2856 300 2912 When
315 2875 355 2912 ne
374 2857 495 2913 conuder
511 2858 571 2914 thet
585 2857 659 2914 these
677 2859 739 2913 nine
780 2885 828 2922 use
840 2867 876 2922 of.

209 2936 318 2992 Auxilio
328 2953 372 2992 ere
383 2938 448 3009 only
458 2937 505 2993 the
519 2937 743 2994 subdivisionem
797 2945 824 2986 ⁴⁴
836 2945 1222 3006 “Quaeexhibenthtcrase.”
1235 2945 1313 3019 Pluy-

209 3013 263 3069 this
283 3015 382 3070 second
400 3023 459 3086 poet
474 3015 505 3070 ci
520 3016 566 3071 the
579 3016 739 3072 Instauratio
780 3023 829 3078 sair
840 3025 981 3079 translates
992 3023 1046 3080 this
1058 3024 1132 3078 word
1144 3023 1181 3096 by
1191 3024 1312 3096 Qitclity:

210 3091 320 3164 Megne,
344 3112 383 3148 we
406 3093 488 3166 begin
510 3103 539 3150 to
566 3094 671 3151 discern
693 3095 740 3150 the
780 3102 894 3174 perhaps
917 3103 938 3155 it
962 3102 984 3156 is
1009 3101 1095 3157 better
1113 3111 1143 3157 to
1163 3103 1248 3157 retain
1267 3102 1313 3158 the

209 3171 380 3244 magnificem
396 3173 565 3244 proportione
581 3173 612 3228 oi
623 3173 739 3230 Bacon'e
781 3181 941 3252 ambiguous
959 3189 1027 3236 term
1038 3179 1125 3236 which
1138 3179 1229 3236 Becon
1241 3199 1312 3236 uses.

208 3247 314 3320 design,
335 3250 390 3306 and
407 3260 435 3305 at
455 3250 500 3306 the
519 3269 592 3306 eume
610 3253 674 3308 time
694 3252 741 3308 the
783 3259 897 3330 Solitary
908 3258 1041 3312 instances
1054 3275 1098 3312 are
1109 3257 1140 3312 oi
1148 3266 1201 3312 two
1213 3258 1311 3314 hindei

208 3329 286 3382 emull
303 3328 408 3400 pontion
424 3329 455 3384 os
467 3329 489 3384 it
501 3329 589 3386 which
604 3331 650 3387 the
667 3342 742 3404 great
782 3336 1312 3409 (1)wheeetheeame“natuie”existe

210 3405 348 3462 Architect
359 3407 517 3480 completed.
782 3416 810 3470 in
822 3426 875 3470 two
887 3414 980 3470 bodies
992 3413 1079 3469 which
1096 3414 1163 3470 have
1181 3432 1218 3470 no
1235 3414 1313 3470 other

238 3483 264 3524 ⁴³
274 3485 333 3540 'l'he
340 3487 543 3557 “Pmopcticee
549 3489 629 3556 qflcr
635 3491 739 3559 cuono)
782 3495 858 3567 point
868 3494 897 3548 in
908 3511 1049 3548 common:
1068 3493 1110 3562 (2)
1122 3493 1209 3548 where
1220 3493 1312 3563 things

209 3562 363 3618 intuem’
387 3582 431 3620 era
455 3565 562 3621 divided
585 3567 643 3622 into
667 3567 740 3622 three
780 3573 891 3644 enhrely
910 3571 978 3626 alike
996 3573 1025 3626 in
1044 3573 1079 3626 ull
1099 3570 1175 3627 other
1195 3581 1313 3643 respecta

208 3639 308 3697 heede=
781 3651 860 3706 differ
870 3651 899 3705 in
911 3667 985 3706 some
997 3667 1049 3705 one
1060 3651 1317 3724 pointasveinsot

244 3720 286 3791 (ι)
307 3735 401 3793 1—15.
419 3721 509 3778 'l'hoee
524 3723 612 3778 which
630 3723 740 3780 addreee
781 3729 860 3785 hlscls
877 3729 930 3786 end
945 3729 1024 3784 white
1041 3730 1070 3786 in
1088 3729 1135 3787 the
1152 3747 1226 3785 nme
1243 3747 1313 3784 mer·

208 3797 368 3855 themselves
380 3809 409 3856 tc
419 3801 466 3856 the
478 3801 708 3875 Underetanding.
781 3809 840 3863 hle:
859 3827 891 3864 oe
901 3809 1007 3864 colours
1023 3810 1051 3864 in
1066 3811 1113 3866 the
1130 3826 1204 3864 same
1216 3807 1314 3863 flower.

244 3877 285 3946 (ο)
306 3876 418 3934 16-20.
442 3879 531 3935 'l'hoee
551 3881 638 3936 which
661 3883 741 3938 essist
780 3886 867 3941 These
884 3887 1002 3958 Solitcry
1017 3887 1153 3944 leetcecee
1170 3903 1215 3942 are
1232 3885 1315 3942 much

207 3953 253 4010 the
266 3955 372 4012 Seneee
780 3964 826 4019 the
838 3983 910 4020 same
922 3965 986 4021 nith
997 3965 1081 4022 Mill’s
1095 3977 1148 4022 two
1161 3965 1314 4035 firstllxpe·

244 4035 286 4106 (3)
305 4051 419 4110 21-27.
437 4038 527 4094 'l'hom
535 4037 623 4094 which
635 4039 700 4096 tend
711 4049 741 4095 to
780 4045 902 4100 nmentel
912 4043 1049 4110 Methods,
1058 4048 1100 4116 (1)
1109 4045 1168 4100 thet
1177 4043 1314 4114 oiAgree·

206 4115 330 4185 pnctice
781 4121 1200 4192 ment,(c)thetoiDifference.
1229 4121 1314 4176 Mill's

243 4191 330 4248 'l'here
340 4194 364 4249 is
376 4203 424 4250 not
438 4195 521 4252 much
538 4206 739 4269 mgement3
782 4200 874 4271 logie,
888 4201 941 4256 lll.
954 4202 1010 4257 viii.
1023 4204 1038 4271 §
1052 4221 1076 4268 1,
1090 4220 1116 4258 ο.

207 4271 262 4326 end
283 4271 329 4328 the
348 4273 435 4328 whole
457 4283 569 4347 attempt
589 4277 612 4332 ie
634 4275 674 4330 im·
694 4285 740 4332 too
815 4277 842 4318 ⁴⁵
855 4279 994 4352 ltweeby
1006 4279 1081 4336 these
1093 4296 1168 4335 seme
1180 4277 1314 4331 instances

208 4349 356 4407 cumbrcue
380 4351 422 4407 ior
444 4355 551 4425 general
574 4371 631 4410 use.
681 4355 741 4410 The
781 4357 813 4412 ol
822 4355 924 4414 Golcur
935 4358 993 4414 that
1006 4357 1050 4414 Sir
1060 4360 1084 4415 1.
1094 4357 1211 4414 Nentcn
1229 4352 1313 4409 found
