3222 5148
329 331 392 393 120
650 328 824 395 NOVUM
848 327 1097 396 ORGANUM.

326 513 433 586 quam
451 515 522 562 non
540 493 723 586 posuerint
735 501 799 565 aut
812 492 1039 582 collocarint;
1057 517 1174 588 neque
1187 494 1283 566 viam
1296 493 1432 566 emens‘

326 611 410 691 sint,
427 631 534 702 quam
551 632 622 680 non
640 611 787 704 ingressi
806 611 878 682 sint
893 620 957 682 aut
974 612 1168 684 tenuerint.

376 723 500 818 Atque
528 726 755 797 insolentiam
781 727 832 796 rei
862 728 958 819 quod
987 728 1140 812 attinet;
1165 735 1265 800 certe
1294 729 1325 798 si
1354 726 1432 819 quis

326 863 450 912 manus
467 843 665 913 constantia
681 852 791 935 atque
808 842 902 914 ocull
920 843 1040 938 rigore
1063 843 1195 915 lineam
1218 845 1336 938 magis
1357 866 1432 916 reo·

325 967 412 1040 tam,
429 966 492 1030 aut
508 957 683 1029 circulum
700 959 812 1053 magis
828 959 1028 1050 perlectum
1045 981 1083 1031 ee
1100 960 1301 1032 describere
1317 981 1430 1053 posse,

324 1097 431 1168 quam
449 1073 559 1144 alium
576 1077 791 1168 quempiam,
802 1075 868 1146 sibi
886 1085 1065 1161 assumat;
1092 1077 1277 1149 inducitur
1292 1075 1431 1147 scilicet

325 1191 504 1263 facultatis
522 1193 760 1286 comparatio:
783 1193 926 1283 quodsi
944 1194 1024 1284 quis
1040 1201 1184 1277 asserat,
1202 1215 1251 1276 ee,
1269 1191 1432 1264 adhibita

323 1307 457 1401 regula,
475 1317 538 1379 aut
558 1307 802 1379 circumducto
828 1309 970 1393 circino,
989 1307 1120 1380 lineam
1144 1311 1260 1404 magis
1281 1317 1431 1392 rectam,

324 1433 388 1494 aut
407 1424 578 1494 circulum
605 1427 718 1517 magis
742 1425 943 1517 perfectum
967 1447 1070 1518 posse
1094 1425 1305 1510 describere,
1324 1445 1432 1518 quam

324 1539 479 1630 aliquem
494 1539 605 1610 alium
616 1538 651 1608 vi
665 1539 739 1610 sola
751 1538 845 1611 oculi
858 1550 897 1612 et
910 1563 1056 1628 manus;
1073 1543 1103 1614 is
1113 1551 1211 1614 certe
1223 1563 1297 1612 non
1308 1541 1440 1612 admo-
1456 1585 1464 1597 =

324 1655 413 1727 dum
423 1655 579 1747 jactator
592 1656 710 1727 fuerit.
738 1655 835 1740 Quin
849 1656 929 1743 hoo,
940 1657 1037 1750 quod
1050 1659 1212 1740 dicimus,
1222 1679 1297 1728 non
1315 1656 1432 1728 solum

325 1772 361 1842 in
387 1769 455 1842 hoc
478 1779 599 1842 nostro
622 1781 751 1843 conatu
776 1774 891 1865 primo
908 1783 946 1844 et
962 1775 1143 1867 inceptivo
1160 1774 1281 1846 locum
1297 1773 1431 1854 haben

324 1887 513 1958 sedetiam
532 1889 688 1980 pertinet
705 1888 751 1958 ad
768 1910 838 1970 cos,
857 1888 918 1982 qui
940 1888 1025 1961 hnic
1047 1891 1098 1961 rei
1120 1889 1270 1984 posthac
1292 1891 1432 1961 incum-

325 2007 422 2078 bent.
475 2005 611 2078 Nostra
635 2007 731 2078 enim
754 2009 812 2078 via
836 2009 1041 2079 inveniendi
1069 2010 1235 2080 scientius
1261 2017 1432 2101 exaeqnat

324 2123 399 2195 fere
416 2119 607 2217 ingeniaffl,
621 2132 660 2194 et
675 2145 747 2194 non
764 2123 921 2194 multum
938 2123 1165 2197 excellentiae
1181 2147 1306 2196 eorum
1324 2123 1433 2196 relin-

324 2241 422 2333 quit:
449 2261 533 2311 cum
550 2241 671 2310 omnia
688 2260 751 2331 per
767 2240 979 2312 certissimas
996 2241 1137 2334 regulas
1154 2249 1194 2312 et
1209 2241 1433 2312 demonstra·

324 2357 441 2428 tiones
459 2356 640 2448 transigat.
693 2351 821 2448 Itaque
838 2355 913 2427 hoec
930 2365 1052 2428 nostra
1068 2357 1125 2446 (ut
1147 2379 1239 2451 saepc
1257 2355 1431 2445 diximus)

325 2471 507 2542 felicitatis
530 2471 714 2563 cujusdam
736 2480 821 2542 sunt
844 2473 1086 2566 potiusquam
1105 2473 1295 2556 facultatis,
1314 2483 1355 2545 et
1371 2495 1433 2566 po-

325 2589 396 2658 tius
416 2587 586 2680 temporis
611 2583 772 2680 parturi*
789 2610 897 2680 qnam
922 2590 1066 2684 ingenii.
1119 2589 1186 2661 Est
1208 2591 1306 2662 enim
1333 2599 1431 2662 certe

324 2725 425 2775 casus
457 2701 585 2795 aliquis
618 2725 690 2774 non
724 2705 842 2776 minus
875 2705 912 2775 in
945 2705 1220 2800 cogitationibus
1254 2707 1429 2789 humanis,

324 2842 430 2911 quam
449 2819 487 2890 in
503 2821 669 2912 operibus
686 2829 725 2892 et
741 2821 855 2894 factis.

373 3085 501 3181 Itaque
519 3086 712 3161 dicendum
736 3088 782 3162 de
803 3089 905 3161 nobis
929 3089 1012 3182 ipsis
1029 3089 1124 3181 quod
1144 3089 1207 3196 ille
1224 3112 1288 3182 por
1304 3089 1430 3183 Jocum

323 3204 427 3288 dixit,
445 3205 639 3299 praesertim
665 3227 750 3275 cum
776 3214 851 3275 tam
877 3204 969 3276 hene
992 3225 1067 3275 rem
1094 3215 1212 3278 secet:
1238 3203 1345 3278 Fieri
1361 3228 1431 3276 non

316 3327 429 3418 potest
458 3330 496 3393 at
527 3319 617 3392 idem
647 3321 809 3406 sentiunt,
833 3321 895 3418 qui
924 3343 1061 3417 equom,
1085 3329 1117 3394 et
1143 3321 1205 3418 qui
1230 3323 1351 3394 cinam
1381 3319 1432 3392 bi·

323 3434 451 3508 bontffl.
503 3435 558 3507 At
584 3439 703 3508 eaeteri
734 3437 906 3520 homiues,
934 3447 1009 3508 tam
1035 3447 1174 3510 veteres
1200 3461 1309 3532 quam
1337 3440 1429 3522 novi,

323 3550 498 3645 liquorem
515 3550 685 3622 biberunt
698 3552 850 3624 crudum
867 3553 905 3624 in
921 3553 1087 3639 scientiis,
1102 3563 1272 3647 tanquam
1289 3577 1429 3648 aquam,

322 3664 380 3738 vel
407 3673 534 3760 sponte
565 3690 611 3738 ex
641 3668 831 3741 intellectu
861 3677 1077 3754 manantem,
1095 3669 1153 3742 vel
1180 3693 1245 3764 per
1270 3671 1432 3743 dialecti·

358 3879 471 3947 ⁰⁹dhis,
484 3899 513 3937 as
525 3900 564 3938 we
580 3882 648 3938 hare
663 3883 753 3940 before
768 3886 855 3942 notic-
896 3885 999 3942 there
991 3903 1015 3940 rs
1036 3903 1066 3942 as
1089 3884 1172 3942 mnch
1193 3887 1255 3958 play
1275 3885 1319 3942 lor
1339 3887 1431 3962 ability

323 3959 367 4026 ed,
391 3961 440 4016 hus
463 3979 544 4017 never
566 3961 689 4018 followed
712 3963 783 4019 hom
809 3965 856 4021 the
896 3982 966 4029 now,
990 3962 1045 4018 and
1069 3981 1099 4019 ar
1124 3974 1218 4036 strong
1238 3983 1255 4019 a
1275 3965 1430 4022 distinctim

323 4039 428 4113 grauth
461 4039 493 4095 oi
529 4040 651 4113 Physicsl
672 4041 854 4116 Philosophy.
895 4043 1234 4115 betweenmen’epowers,
1244 4045 1431 4102 movenhem

324 4118 597 4191 (lemprlroll)
634 4117 756 4176 llsdsu
780 4131 856 4178 exact
895 4137 959 4176 was.

324 4197 447 4262 Method,
469 4197 536 4253 such
557 4214 587 4251 as
609 4196 702 4254 Baoon
722 4215 807 4256 seems
826 4207 855 4256 to
931 4197 1012 4253 ⁶⁸0st
1025 4215 1099 4271 supr.
1113 4199 1137 4256 l.
1151 4199 1194 4272 78.
1230 4201 1298 4258 Also
1313 4201 1337 4258 1.
1350 4216 1394 4275 97.

322 4277 391 4333 have
408 4276 497 4349 hoped
515 4276 565 4342 lor,
578 4275 644 4332 been
663 4277 788 4348 possible,
801 4277 854 4334 thir
931 4275 957 4317 ⁶⁴
967 4276 1430 4351 'lhemyingciPhilocntesshout

323 4357 407 4412 result
422 4355 785 4429 misshthsvetslrenplsce:
805 4357 855 4412 hut
897 4353 1102 4416 Demosthenes
