3268 5146
317 333 384 396 soa
649 332 823 418 novun
846 332 1093 400 onasunu.

319 495 484 591 ligneam,
506 494 608 590 (puta
633 497 745 571 latera
770 500 924 582 narium,
950 507 1014 570 aut
1038 493 1184 590 similia)
1213 517 1321 590 quam
1346 519 1423 570 eas-

320 609 402 682 dem
431 613 578 707 sagittas
605 613 697 686 leno
726 617 955 700 acuminatas.
979 621 1124 708 propter
1152 610 1424 686 similitudinem

320 728 525 800 substantiae
561 729 647 825 ligni
678 732 724 803 ad
751 731 901 827 lignum,
932 731 1017 802 lieet
1046 731 1114 803 hoo
1143 739 1228 802 ante
1255 729 1295 800 iu
1325 726 1423 822 ligno

319 842 475 916 latuerit.
526 845 671 930 Itidem,
705 846 791 920 lieet
823 848 883 920 a'e‘r
915 848 1043 929 a‘e‘rem,
1073 855 1137 918 aut
1170 866 1262 938 aqua
1293 865 1423 937 aquarn

319 960 508 1033 manifesto
542 985 613 1034 non
648 963 766 1035 trahat
795 965 832 1035 in
862 964 1066 1059 corporibus
1099 963 1267 1057 iutegris;
1299 969 1421 1032 tamen

319 1074 417 1147 bulla
432 1079 679 1171 approximate
695 1078 812 1164 bullae,
824 1079 962 1152 facilius
977 1077 1140 1152 dissolvit
1156 1076 1301 1159 bullam,
1313 1097 1421 1168 qnam

319 1193 348 1263 si
365 1190 465 1264 bulla
481 1191 543 1264 illa
557 1193 671 1266 altera
690 1196 839 1279 abesset,
857 1196 903 1266 ob
925 1195 1125 1290 appetitum
1143 1193 1306 1265 coitionis
1321 1214 1423 1285 aque

319 1328 403 1377 unm
420 1331 521 1400 aqua,
539 1315 578 1378 et
593 1310 682 1382 aiiris
700 1333 781 1382 oum
799 1313 890 1382 aere.
925 1307 1052 1404 Atque
1068 1309 1272 1403 hujusmodi
1289 1309 1423 1379 imtra-

320 1422 381 1492 liae
397 1421 617 1496 ouradmtiaoe
638 1429 730 1518 (quae
755 1435 839 1496 sunt
864 1447 948 1496 usus
973 1424 1193 1511 nobilissimi,
1216 1433 1259 1495 ut
1284 1424 1423 1496 dietum

319 1541 390 1631 est)
411 1540 449 1610 in
469 1541 690 1634 portionibus
716 1564 902 1635 corporum
928 1542 1044 1635 parvis
1068 1551 1107 1612 et
1131 1539 1323 1612 subtilibus
1347 1562 1423 1612 ma-

318 1657 416 1728 xime
433 1678 472 1727 se
488 1657 576 1728 dant
588 1657 871 1752 conspiciendas:
898 1658 982 1750 quia
998 1680 1119 1730 masse
1135 1681 1254 1729 rerum
1271 1659 1423 1751 majores

318 1781 516 1865 sequuntur
529 1773 659 1846 formas
676 1775 788 1870 magis
804 1773 998 1846 catholicas
1013 1782 1053 1846 et
1068 1773 1274 1870 generalem
1298 1782 1341 1845 ut
1357 1795 1422 1846 suo

318 1889 397 1962 looo
413 1885 602 1962 dioetnr⁵⁷.

800 2006 950 2080 XXVI.

370 2120 472 2194 Inter
488 2123 735 2218 praerogativas
752 2125 1001 2196 instantiarum
1018 2145 1190 2217 ponemus
1202 2124 1331 2216 quinto
1344 2122 1423 2196 looo

319 2238 504 2312 insumas
529 2239 775 2322 amulitulioaa,
793 2263 881 2333 quas
909 2242 1019 2312 etiam
1044 2237 1277 2334 manipulares
1302 2239 1425 2334 appel·

318 2355 392 2428 lare
417 2357 664 2428 consuevimus
673 2353 712 2426 ⁵⁸.
765 2355 826 2426 Eae
850 2365 1041 2448 suntque
1065 2355 1289 2426 constituunt
1313 2374 1424 2424 unam

318 2473 472 2565 speeiem
499 2480 634 2544 nature
663 2472 838 2564 inquisitae
864 2480 1034 2564 tanquam
1059 2470 1209 2542 formam
1235 2470 1422 2540 minorem.

320 2587 412 2659 Cum
430 2589 527 2661 enim
545 2586 666 2658 formae
684 2588 853 2683 legitimae
871 2591 963 2682 (quae
982 2595 1066 2659 sunt
1090 2608 1231 2679 semper
1246 2587 1424 2657 converti-

319 2702 409 2775 biles
436 2726 518 2774 oum
545 2705 680 2774 naturis
708 2704 899 2797 inquisitis)
922 2703 1059 2776 lateant
1083 2703 1121 2774 in
1146 2701 1333 2796 profundo,
1354 2723 1423 2774 neo

320 2815 425 2888 facile
452 2816 697 2900 inveniantur3
724 2817 882 2910 postulat
908 2839 963 2888 res
993 2827 1031 2887 et
1057 2817 1244 2888 iufirmitas
1273 2816 1423 2888 humani

319 2931 534 3016 intellectus,
552 2942 595 3004 ut
619 2932 741 3004 forma
765 2933 1003 3026 particulares,
1021 2956 1099 3026 quae
1124 2942 1208 3005 sunt
1232 2955 1425 3028 oongrega-

321 3051 402 3122 tivae
419 3045 675 3144 manipulorum
689 3049 911 3142 quorundam
928 3050 1177 3122 instantiarum
1197 3050 1424 3142 (neutiquam

355 3335 637 3393 ⁸⁷1tisdiffieu1tm
654 3337 784 3410 myrrhat
797 3337 849 3393 ua·
891 3337 933 3393 ior
951 3337 1105 3402 “Forma'’
1125 3337 1200 3392 thaso
1219 3335 1358 3392 laetanea·
1378 3355 1425 3394 ara

319 3415 805 3488 eon'smesningisinthirpmsaga
890 3425 962 3472 mort
990 3415 1119 3472 vuluablo.
1169 3415 1195 3471 lt
1226 3416 1260 3480 is,
1291 3415 1425 3482 however,

355 3493 381 3534 Β
395 3499 413 3525 “
423 3493 566 3550 Cobecura
585 3493 731 3560 lustenam,
748 3495 778 3550 in
797 3495 849 3549 Ba·
891 3503 998 3566 strange
1014 3493 1074 3549 that
1091 3492 1197 3565 though
1210 3493 1333 3564 Kepler's
1346 3493 1425 3552 lawa

319 3572 394 3628 eon's
419 3571 612 3636 abomination,
635 3591 679 3628 ara
708 3591 745 3628 uo
774 3573 851 3628 other
891 3571 944 3627 had
963 3573 1030 3628 boen
1049 3571 1201 3644 publisbed,
1221 3571 1256 3626 ha
1275 3573 1368 3628 makes
1386 3589 1425 3628 uo

319 3650 504 3722 tmngmeru
515 3651 634 3714 laomor
650 3652 715 3706 lawa
730 3651 761 3707 ol
776 3669 850 3707 soma
890 3651 1023 3706 demnas
1040 3659 1068 3706 to
1086 3650 1169 3706 thena
1204 3650 1361 3724 noym
1377 3667 1426 3706 ax-

320 3727 458 3800 degraeol
472 3727 693 3800 generality‚snd
708 3728 849 3786 arathem-
890 3731 961 3802 aetly
974 3730 1046 3786 what
1064 3729 1099 3785 ba
1119 3737 1209 3784 meant
1226 3729 1264 3800 by
1279 3726 1426 3784 collacum

320 3807 405 3863 selvas
428 3805 474 3862 tbe
497 3809 594 3862 resulta
618 3807 649 3862 os
676 3807 850 3864 lnduetion.”
892 3807 1051 3874 lustenam
1081 3806 1135 3863 and
1164 3805 1317 3862 estmvmds
1346 3805 1427 3862 aidod

321 3884 477 3940 Hermbal's
507 3883 581 3941 Diae.
606 3887 622 3954 §
650 3903 709 3957 194·
758 3887 851 3944 Brenn
891 3886 1007 3942 Neriton
1037 3890 1066 3942 in
1095 3885 1138 3942 bia
1162 3885 1300 3957 disoovrry
1323 3885 1354 3940 ol
1380 3883 1428 3940 tiae

321 3962 850 4037 seematothinkitrighttoapologism
891 3981 966 4022 mora
988 3965 1096 4037 general
1117 3963 1229 4020 “hro''
1249 3963 1281 4018 ol
1302 3961 1426 4018 Gravita-

321 4041 374 4100 and
390 4059 452 4114 says
465 4041 524 4096 that
535 4041 599 4114 tbay
610 4043 754 4099 eonstituts
766 4049 850 4098 “tan-
892 4045 958 4100 tiom
995 4043 1051 4099 But
1072 4042 1162 4097 Boron
1180 4058 1262 4096 naver
1280 4041 1426 4094 illnsnates

320 4139 401 4196 quam
412 4121 528 4176 sormam
538 4121 696 4176 minoram.''
716 4121 787 4177 How
798 4139 851 4194 any
891 4121 961 4176 from
981 4120 1178 4185 Mathematics,
1195 4115 1248 4174 and
1266 4135 1329 4189 very
1340 4118 1428 4190 nnly

321 4199 424 4256 Nature
434 4200 464 4256 in
472 4198 515 4254 bis
527 4209 628 4271 system
636 4217 685 4255 ean
694 4200 761 4256 have
769 4201 851 4256 lesser
891 4199 960 4256 from
969 4200 1015 4256 tha
1027 4198 1185 4258 duraverim
1194 4196 1225 4252 oi
1233 4195 1278 4253 bis
1288 4203 1426 4268 cotompo-

320 4279 373 4335 and
387 4277 580 4352 largerForms
595 4295 681 4334 seems
696 4277 850 4334 hardtoba
890 4279 979 4334 urias.

320 4355 493 4414 understood.
530 4357 695 4430 Apartirom
709 4357 752 4414 his
766 4356 850 4416 desire
