3268 5146
320 363 384 434 196
643 359 820 426 Novum
842 359 1089 426 ORGANUM.

319 525 453 619 Quarta
476 524 671 624 differentia
690 533 748 596 est
762 524 981 597 modificatio
1003 525 1149 618 prioris:
1176 524 1251 595 haee
1275 523 1423 607 seilicet,

369 645 463 737 quod
487 652 605 714 motus
626 641 687 713 ille
712 641 965 712 stimulationis
990 649 1055 714 aut
1080 640 1336 735 penetrationis
1361 640 1426 712 de·

368 761 453 833 beat
470 783 546 832 esse
568 758 730 831 nonnihil
755 759 897 852 rapidus
918 768 955 828 et
972 759 1121 830 minime
1145 757 1288 846 lentus;
1312 765 1424 850 atque

371 879 434 950 fiat
459 877 566 948 etiam
589 900 653 970 per
673 876 873 968 particulas,
891 873 977 945 lieet
1002 876 1179 958 minutas;
1207 883 1329 946 tamen
1350 896 1424 946 non

370 993 414 1064 ad
432 1000 631 1062 extremam
648 991 895 1074 subtilitatem,
913 991 975 1062 sed
994 991 1094 1084 quasi
1112 989 1334 1085 majusculas.

420 1106 634 1178 ostenditur
662 1106 738 1177 haee
765 1102 963 1202 afferentia
987 1108 1025 1177 in
1051 1107 1315 1199 comparatione
1340 1127 1426 1198 ope-

370 1249 450 1298 rum
474 1249 556 1319 quae
581 1224 658 1295 edit
678 1224 781 1318 ignis,
800 1246 887 1313 oum,
907 1223 950 1294 iis
976 1246 1053 1316 quae
1078 1223 1154 1294 odit
1181 1231 1324 1316 tempus
1350 1223 1426 1292 sive

370 1351 465 1414 aetas.
517 1341 618 1412 AEtas
648 1342 743 1411 enim
775 1341 849 1412 sive
875 1349 1018 1433 tempus
1048 1339 1206 1423 arefacit,
1233 1339 1425 1425 consumit,

371 1459 520 1542 subruit,
550 1467 588 1528 et
617 1458 802 1539 incinerat,
833 1479 906 1526 non
936 1457 1054 1526 minus
1084 1478 1190 1550 quam
1217 1457 1330 1549 ignis:
1367 1454 1425 1527 rel

370 1574 490 1666 potius
512 1571 619 1665 longe
636 1568 824 1641 subtilius:
849 1569 913 1640 sed
931 1571 1014 1662 quia
1036 1579 1155 1642 motus
1179 1569 1354 1664 ejusmodi
1370 1580 1426 1642 est

371 1688 490 1760 lentus
513 1687 718 1769 admodum,
736 1693 774 1756 et
791 1708 855 1778 per
877 1685 1068 1779 particulas
1085 1683 1189 1758 valde
1211 1687 1337 1771 exiles,
1353 1709 1425 1757 non

372 1804 566 1897 percipitur
582 1801 690 1874 calor.

422 1919 636 1990 Ostenditur
662 1919 771 1990 etiam
801 1917 838 1988 in
862 1919 1126 2011 comparatione
1153 1917 1427 1991 dissolutionum

373 2037 455 2107 ferri
478 2045 516 2108 et
537 2031 655 2106 aurit.
706 2033 847 2106 Aurum
870 2036 967 2108 enim
988 2035 1192 2110 dissolvitur
1209 2037 1342 2130 absquo
1368 2059 1427 2108 oa·

373 2153 448 2224 lore
475 2155 652 2236 excitato;
684 2151 816 2224 ferrum
844 2162 965 2224 autem
992 2175 1074 2224 oum
1101 2153 1304 2225 vehementi
1329 2155 1428 2227 exol-

374 2271 511 2342 tatione
544 2268 679 2351 eoloris,
714 2268 800 2340 lieet
836 2268 943 2339 simili
978 2269 1053 2341 fere
1086 2268 1274 2342 intervallo
1307 2273 1426 2364 quoad

373 2397 524 2480 tempus.
578 2385 672 2470 Quia
692 2385 828 2456 seilicet
845 2386 881 2456 in
899 2407 996 2469 auro,
1013 2387 1190 2481 ingressus
1206 2409 1305 2480 aquae
1327 2411 1428 2482 sepa·

373 2505 520 2575 rationis
540 2511 595 2576 ost
612 2501 769 2574 clemens
786 2510 824 2572 et
840 2501 1021 2573 subtiliter
1044 2503 1235 2587 insinuans,
1253 2512 1291 2574 et
1314 2505 1427 2577 cessio

373 2622 527 2715 partium
545 2621 621 2691 auri
645 2618 777 2691 facilis:
803 2627 842 2690 at
864 2619 901 2688 in
918 2617 1020 2702 ferro,
1038 2620 1215 2714 ingressus
1239 2629 1294 2692 est
1314 2643 1426 2715 asper,

374 2747 412 2808 et
438 2759 518 2808 oum
546 2736 725 2820 eonlliotu,
743 2745 782 2808 et
805 2743 922 2830 partes
948 2735 1032 2805 ferri
1058 2735 1193 2809 babent
1219 2737 1429 2810 obstinatio-

374 2877 457 2927 nem
476 2854 656 2946 majorem.

426 2970 640 3043 Ostenditur
667 2971 774 3041 etiam
806 2969 1029 3063 aliquatenus
1056 2970 1094 3041 in
1119 2973 1315 3064 gangraenis
1340 2995 1430 3044 nou·

373 3089 481 3161 nullis
506 3097 544 3160 et
565 3087 897 3158 mortificationibus
922 3086 1105 3170 namium
1131 3109 1208 3179 quae
1233 3109 1306 3159 non
1330 3091 1429 3161 exei-

375 3215 454 3278 tant
476 3227 646 3300 magnum
669 3202 823 3276 calorem
846 3211 909 3274 aut
932 3201 1103 3288 dolorem,
1122 3204 1168 3275 ob
1191 3205 1429 3278 subtilitatem

374 3323 653 3419 putrefactionis.

376 3557 499 3651 Atque
521 3557 600 3629 haee
626 3558 673 3628 sit
693 3557 815 3653 prima
840 3555 1065 3630 vindemiatio
1090 3559 1165 3630 sive
1191 3557 1432 3653 interpretatio

326 3672 487 3746 inclinata
510 3676 556 3745 do
579 3674 693 3744 torma
716 3673 833 3756 oalidi,
852 3673 946 3744 facta
968 3695 1032 3766 por
1053 3673 1314 3768 permissionem
1331 3673 1433 3748 intel·

326 3791 440 3865 nana.

378 3909 437 3981 Ex
456 3905 723 3981 vindemiatione
742 3916 864 3981 autem
881 3909 951 3980 ista
961 3908 1092 4002 primm
1110 3908 1223 3980 torma
1247 3909 1321 3980 sive
1345 3909 1434 3982 deli-

325 4093 358 4147 ot
377 4091 528 4164 producing
553 4089 632 4146 lleat.
671 4091 731 4147 The
753 4091 858 4147 sudden
933 4087 959 4130 ⁸⁷
971 4087 1060 4146 'l'hem
1072 4107 1208 4162 processes
1220 4089 1437 4162 (musanus

326 4171 473 4243 expansion
494 4168 525 4223 of
545 4187 622 4240 gases
645 4169 715 4226 from
735 4189 752 4224 a
773 4171 857 4242 liquid
900 4173 971 4230 Gold
989 4176 1026 4248 by
1038 4174 1174 4232 Chemiesl
1191 4177 1322 4248 agauniae,
1335 4177 1390 4232 and
1404 4177 1437 4234 oi

326 4259 393 4306 state
405 4249 462 4304 into
470 4265 571 4318 vapour
582 4247 605 4302 is
617 4247 662 4302 the
675 4257 746 4304 most
757 4266 858 4321 power-
900 4254 965 4308 Iron
976 4254 1013 4326 by
1026 4253 1097 4310 lieet
1113 4255 1144 4309 ol
1155 4255 1224 4324 lire)
1237 4273 1281 4312 are
1293 4263 1341 4310 not
1358 4263 1388 4311 to
1399 4256 1434 4310 be

326 4330 366 4385 lul
387 4343 482 4384 source
504 4325 535 4381 ol
553 4326 612 4382 eold
636 4328 744 4384 laneam
789 4327 859 4384 ller-
899 4332 963 4388 thus
976 4332 1119 4404 compared
1130 4333 1260 4405 together.

328 4406 425 4462 sobel’s
438 4405 593 4490 Discourse,
606 4407 620 4476 ᾗ
631 4419 692 4478 354.
