3222 5148
305 339 369 402 162
637 333 811 400 NOVUM
834 332 1083 399 ORGANUM.

304 506 422 575 minus
440 524 545 596 quarn
563 523 664 592 aqua,
681 501 834 574 sericum
851 501 970 572 minus
986 521 1094 593 quam
1117 496 1278 568 linteum.
1330 491 1409 566 Ve-

305 643 384 692 rum
401 621 470 692 boo
487 619 642 710 pertinet
658 617 704 688 ad
722 613 889 688 Tabulam
902 613 1078 713 paduam
1094 615 1141 684 de
1158 607 1331 708 ffipdoc.

722 763 787 835 Ad
810 763 988 836 decimam.
1411 803 1418 812 -

357 887 416 953 15.
442 881 617 954 Similiter
634 882 753 974 vapori
770 881 907 952 fervido
923 879 1150 973 subjungitur
1166 875 1324 974 repetire
1343 897 1409 945 na-

304 1009 392 1069 turae
409 997 518 1089 ipsius
535 997 682 1090 vaporis,
700 996 814 1088 qualis
830 997 924 1088 apnd
942 1017 1007 1066 nos
1023 996 1215 1065 invenitur.
1258 991 1405 1062 Etenim

305 1112 548 1184 exhalationes
573 1134 621 1181 ex
645 1110 784 1194 oleoeis,
810 1109 896 1182 licet
921 1109 1025 1182 facile
1051 1106 1334 1192 inflammabiles‚
1352 1113 1408 1176 ta·

305 1252 388 1301 men
413 1251 485 1299 non
510 1229 741 1298 inveniuntur
757 1227 890 1310 calidoe,
908 1227 976 1298 nisi
998 1245 1184 1319 acorpore
1210 1224 1327 1296 calido
1352 1245 1410 1292 re-

306 1355 429 1416 center
445 1343 702 1414 exhalaverint.

724 1454 788 1527 Ad
811 1454 988 1528 dammam.

358 1574 419 1646 16.
447 1569 621 1644 Similiter
636 1573 707 1643 aeri
733 1571 800 1664 ipsi
828 1571 980 1643 ferventi
1008 1571 1235 1666 subjungitur
1250 1569 1410 1668 nepetino

305 1700 440 1761 naturae
465 1689 554 1759 aeris
579 1689 699 1782 ipsius.
752 1684 883 1779 Neque
901 1688 999 1758 enim
1017 1688 1198 1758 invenitur
1219 1685 1314 1780 apud
1341 1705 1409 1754 nos

305 1806 365 1875 aer
382 1803 526 1886 calidus,
543 1803 610 1874 nisi
627 1803 737 1873 fuerit
754 1810 817 1872 ant
834 1800 1030 1884 conclusus,
1048 1811 1112 1872 aut
1137 1797 1326 1884 attritusffi,
1342 1808 1411 1870 aut

307 1920 495 1991 manifeste
521 1917 714 1989 odefactus
739 1940 761 1988 a
786 1919 871 2000 sole,
888 1917 981 2012 igne,
1005 1925 1069 1987 aut
1093 1915 1212 2009 aliquo
1237 1916 1307 1988 alio
1332 1939 1411 1988 cor-

307 2057 393 2127 pore
410 2031 535 2104 calido.

708 2126 773 2202 Ad
788 2127 1012 2200 undecimam.

358 2251 417 2324 17.
451 2244 688 2339 Subjungitur
721 2245 878 2342 monbec
912 2254 1167 2338 tempestatum
1202 2243 1411 2339 frigidamm

307 2364 420 2456 magis
445 2383 554 2452 qnam
579 2383 643 2453 pro
668 2361 806 2432 ratione
832 2361 1003 2454 temporis
1027 2361 1122 2444 anni,
1140 2383 1222 2453 quae
1239 2358 1413 2430 eveniunt

307 2478 402 2571 apud
422 2499 484 2548 nos
502 2475 610 2546 flante
629 2474 726 2544 Euro
743 2483 782 2545 et
800 2474 932 2546 Borea:
951 2475 1253 2568 quemadmodum
1271 2482 1310 2546 et
1327 2497 1412 2546 con·

308 2593 421 2662 trariae
444 2598 676 2684 tempestates
702 2591 874 2661 eveniunt
895 2588 1004 2660 fiante
1021 2589 1156 2661 Austro
1174 2600 1212 2661 et
1229 2588 1410 2684 Zephyro.

310 2705 431 2777 Etiam
465 2705 649 2777 inclinatio
682 2705 727 2776 ad
761 2705 918 2799 pluviam
953 2703 1161 2800 (prasertim
1193 2707 1412 2799 temporibus

309 2821 545 2916 hyemalibus)
571 2821 763 2893 comitatur
779 2831 1032 2915 tempestatem
1057 2823 1237 2916 tepidam:
1263 2832 1302 2893 at
1325 2821 1411 2918 gelu

308 2947 433 3010 contra
450 2939 626 3033 frigidam.

693 3051 758 3123 Ad
782 3049 1028 3124 duodecimam.

360 3177 420 3243 18.
448 3170 687 3264 Subjungitur
709 3168 867 3266 nepetino
891 3171 981 3241 aeris
1006 3170 1163 3242 conclusi
1190 3171 1227 3240 in
1254 3169 1413 3242 cavernis

309 3296 470 3379 tempore
495 3281 661 3356 aestivoffi.
712 3281 765 3353 At
790 3285 836 3357 de
860 3285 941 3356 aere
967 3284 1133 3356 concluso
1160 3287 1306 3357 omnino
1332 3286 1411 3356 dili-

343 3487 369 3527 θ*
392 3487 451 3542 The
480 3486 587 3557 'lheory
617 3485 648 3540 ol
676 3485 841 3541 “Absolute
883 3487 968 3543 which
986 3488 1113 3559 heighten
1131 3488 1178 3544 the
1194 3497 1414 3559 ontertempen·

309 3565 399 3621 eold”
416 3583 470 3620 tvae
488 3563 607 3618 believed
626 3563 655 3618 in
674 3564 703 3618 in
724 3562 841 3620 Baoon's
880 3574 948 3630 ture,
967 3575 1066 3621 cannot
1089 3566 1169 3621 affert
1192 3566 1239 3621 the
1261 3567 1301 3622 air
1319 3567 1349 3620 in
1369 3581 1414 3620 ce·

308 3641 384 3715 days.
421 3641 474 3696 We
497 3641 575 3712 again
597 3642 686 3696 notice
709 3641 772 3696 here
795 3641 841 3696 the
881 3644 1035 3708 verns,and
1053 3662 1085 3700 so
1102 3644 1165 3717 they
1180 3663 1226 3700 are
1243 3646 1331 3700 cooler
1348 3643 1414 3700 than

308 3721 451 3776 confusion
460 3719 490 3773 oi
499 3719 606 3773 notione
618 3719 736 3773 between
748 3719 840 3790 things
881 3720 928 3776 the
939 3739 1008 3792 open
1020 3723 1059 3776 air
1067 3723 1105 3777 ie:
1122 3723 1179 3794 iant
1190 3741 1221 3776 aa
1233 3720 1416 3778 thick-walled

308 3799 391 3870 really
412 3797 469 3862 hot,
491 3795 544 3850 and
566 3796 643 3850 those
662 3796 749 3851 vvhich
775 3797 841 3852 have
882 3799 1019 3872 buildings
1055 3802 1134 3873 enioy
1161 3817 1177 3854 a
1210 3801 1417 3872 comparatively

309 3873 550 3931 similarchemical
561 3873 660 3930 effecta.
882 3876 994 3948 equable
1005 3887 1187 3948 temperatura.
1208 3877 1418 3933 'lheceeevvith

345 3953 372 3992 ω
390 3952 433 4008 cf.
451 3953 512 4008 inlr.
531 3954 594 4008 inat.
608 3969 650 4008 22.
682 3951 724 4025 By
736 3954 789 4008 Aer
801 3961 842 4008 ot·
883 3955 923 4009 air
939 3957 1075 4028 generally
1091 3957 1123 4020 is,
1143 3955 1208 4024 (and
1227 3955 1281 4010 thie
1300 3973 1417 4011 erravere

310 4031 491 4088 tritarwould
502 4031 680 4104 probablybe
697 4041 788 4086 meant
805 4033 844 4087 air
885 4045 957 4087 most
980 4033 1011 4088 ol
1030 4033 1077 4089 the
1099 4033 1251 4090 difficulties
1273 4033 1418 4106 exprmed

310 4109 388 4167 vvben
406 4109 585 4181 compreeeed,
601 4108 722 4165 orvvben
739 4111 845 4166 friction
886 4110 969 4181 hera)
989 4111 1087 4168 thatit
1109 4113 1132 4167 ie
1156 4129 1252 4186 every
1272 4112 1328 4168 bed
1353 4129 1418 4168 oon·

310 4205 333 4247 u
345 4207 579 4322 5⁶⁰1'Ill'lreozuseoi
593 4266 648 4323 thie
660 4265 713 4320 vill
726 4266 760 4322 be
772 4265 842 4322 thiar
886 4187 988 4348 ῗιῖῗῖ,
998 4189 1196 4332 &gazeneuil
1207 4209 1380 4348 12⁰an
1398 4201 1419 4246 κ

310 4348 368 4403 that
392 4347 420 4401 in
445 4343 572 4400 Summer
595 4345 641 4399 the
666 4345 749 4399 Snn'e
773 4362 843 4416 says,
