3268 5146
670 333 760 400 LIB.
776 333 820 398 11.
836 353 889 421 31.
1263 337 1330 402 228

225 497 367 594 ligatus,
394 503 433 570 et
458 498 558 590 qussi
586 495 818 570 meleficietus
843 496 962 591 quoad
989 495 1071 582 illa3
1095 497 1148 570 ita
1176 506 1219 570 ut
1242 521 1328 572 curn

225 616 304 689 aliis
336 636 568 688 consuescere
601 637 673 686 non
709 615 831 708 possit,
865 615 928 686 sed
962 616 1098 710 cogitet
1129 614 1219 687 nihil
1253 617 1330 709 ejus

224 734 364 828 generis
380 733 457 804 lieri
474 753 588 825 posse,
605 730 674 802 nisi
689 730 817 802 eadem
834 732 900 814 via,
919 753 990 824 qm
1010 729 1073 803 illa
1089 730 1218 804 effecta
1234 741 1327 818 sunt,

225 851 419 924 accedente
442 848 693 920 tantummodo
719 846 910 943 diligentia
934 849 1080 941 maiore,
1096 856 1135 921 et
1159 871 1330 944 praepara-

226 968 324 1038 tione
343 966 455 1059 magis
471 975 646 1036 accurata.

274 1081 420 1166 Contra,
434 1080 525 1154 illud
540 1079 746 1174 ponendum
760 1089 817 1152 est
833 1101 898 1174 pro
914 1089 1035 1166 certo;
1059 1083 1133 1154 vias
1148 1091 1188 1154 et
1204 1083 1330 1155 modos

225 1197 401 1270 efficiendi
422 1219 479 1270 res
494 1203 534 1270 et
550 1219 668 1289 opera,
685 1219 764 1290 quc
786 1197 904 1268 adhuc
927 1205 1069 1290 reperta
1093 1204 1177 1268 sunt
1201 1205 1240 1268 et
1264 1218 1329 1270 no·

226 1323 311 1398 tate,
341 1335 398 1386 res
429 1335 508 1386 esse
541 1311 739 1406 plerunque
771 1313 1012 1406 pauperculas,
1041 1322 1151 1406 atque
1184 1336 1329 1388 omnem

225 1430 424 1524 potentiam
440 1429 612 1522 majorem
635 1429 790 1522 pendero
812 1440 853 1502 et
875 1431 1000 1503 ordine
1017 1432 1166 1504 derivari
1183 1455 1207 1504 a
1222 1432 1331 1504 lonti-

225 1549 292 1620 bus
309 1547 513 1630 formarum,
531 1567 681 1640 quarum
697 1544 797 1616 nulla
812 1545 928 1618 adhuc
944 1547 1091 1620 inventa
1105 1545 1211 1622 est⁸¹.

277 1663 406 1756 Itaque
425 1665 482 1758 (ut
497 1661 583 1734 alibi
599 1661 756 1734 diximus
766 1657 809 1753 82)
821 1663 884 1754 qui
901 1663 948 1736 de
965 1663 1138 1736 machinis
1153 1672 1193 1736 et
1209 1665 1329 1738 arieti·

227 1781 304 1868 bus,
333 1779 455 1874 quales
480 1787 583 1852 erant
612 1778 707 1873 apud
734 1787 885 1864 veteres,
910 1781 1232 1874 cogitasset31lcct
1260 1782 1328 1854 hoo

226 1897 369 1970 seems
402 1896 545 1981 obnixe,
569 1902 680 1986 atque
713 1903 857 1968 mmmm
889 1897 927 1968 in
961 1919 1004 1969 ec
1033 1900 1329 1993 consummassem

227 2033 410 2106 nunquam
435 2023 558 2086 tamen
583 2011 765 2086 incidisset
791 2013 829 2084 in
854 2013 1042 2085 inventum
1067 2023 1328 2090 tormentorum

226 2133 410 2227 igneorum
436 2131 663 2224 operantium
693 2151 757 2223 per
785 2129 969 2222 pulverem
994 2131 1144 2224 pyrium.
1196 2130 1329 2226 Neque

226 2271 354 2333 rursus
370 2249 434 2340 qui
460 2249 499 2318 in
524 2245 686 2319 lanificiis
711 2255 751 2318 et
774 2247 886 2318 serico
902 2245 1093 2340 vegetabili
1113 2247 1330 2322 observatio·

226 2387 310 2438 nem
324 2385 427 2438 suam
443 2373 482 2436 et
498 2363 769 2436 meditationem
784 2361 1003 2449 collocessct,
1020 2385 1178 2456 unquam
1200 2387 1264 2458 per
1284 2385 1328 2440 ea

226 2482 415 2575 reperisset
431 2489 596 2552 naturam
612 2480 742 2554 vermis
758 2493 822 2552 aut
839 2481 940 2554 seriei
957 2479 1172 2576 bombycini.

278 2597 453 2682 Quocirca
476 2597 597 2668 omnin
618 2597 773 2681 inventa,
792 2620 871 2690 quoe
886 2598 1023 2670 censeri
1045 2606 1194 2691 possunt
1213 2601 1328 2694 magis

227 2714 369 2797 nobilia,
387 2712 432 2804 (si
455 2713 616 2784 animum
637 2713 816 2806 advertas)
833 2715 872 2786 iu
893 2713 1011 2786 lucan
1033 2713 1205 2807 prodiere,
1228 2716 1328 2790 nullo

226 2831 333 2904 modo
350 2854 414 2924 per
430 2829 575 2924 pusillas
592 2833 857 2904 enucleationes
879 2837 919 2904 et
939 2830 1165 2904 extensiones
1186 2835 1327 2920 artium,

227 2947 288 3022 sod
306 2947 451 3020 omniuo
473 2970 536 3040 por
554 2967 688 3018 casum.
740 2946 845 3020 Nihil
867 2955 989 3018 autem
1014 2958 1244 3043 repraesentat
1265 2959 1330 3026 cut

226 3065 398 3158 anticipat
421 3087 553 3147 meum,
573 3064 691 3157 (cujus
715 3087 794 3136 mos
819 3073 884 3148 est,
902 3074 944 3135 ut
967 3073 1109 3138 tantum
1135 3089 1198 3159 per
1223 3067 1330 3163 longa

225 3181 354 3256 secula
369 3182 550 3274 operetur)
567 3189 698 3272 praeter
713 3181 957 3252 inventionem
973 3179 1177 3253 formarum.

278 3299 454 3394 Faernpls
469 3307 593 3370 autern
609 3296 811 3389 hujusmodi
834 3296 1084 3368 instantiarum
1103 3298 1330 3392 pnrn'cularia

226 3414 315 3488 nihil
344 3437 433 3508 opus
465 3421 524 3488 est
557 3413 742 3496 addacem,
773 3420 918 3506 propter
949 3414 1088 3506 copiam
1120 3415 1328 3488 eonmdem.

228 3530 326 3606 Nam
355 3533 424 3606 hoc
451 3533 598 3606 omnino
626 3531 820 3626 agendum,
843 3539 885 3602 ut
908 3531 1098 3604 visitentur
1120 3537 1158 3602 et
1186 3533 1330 3626 penitus

226 3649 516 3746 introspiciantur
532 3671 657 3722 omnes
679 3657 774 3722 artes
795 3647 1021 3733 mechanica,
1037 3656 1146 3742 atque
1167 3647 1331 3722 liberales

260 3897 285 3940 ⁸¹
296 3897 418 3956 Another
440 3899 565 3956 arideum
588 3899 619 3956 oi
640 3899 758 3956 Bseorr’s
798 3907 890 3954 nance
917 3915 994 3970 upon
1023 3897 1136 3954 Hrnaan
1166 3897 1332 3972 Knovrlerkr

225 3978 356 4048 sanguine
373 3977 457 4050 hopes
474 3978 516 4034 lor
531 3976 643 4034 Human
656 3979 758 4042 Perver,
798 3977 853 4032 and
865 3976 958 4034 Povrer
975 3977 999 4032 is
1018 3985 1066 4032 not
1082 3977 1136 4032 lsss
1153 3995 1214 4032 uovv
1229 3977 1295 4032 than
1311 3978 1333 4033 it

225 4055 293 4112 aller
309 4057 367 4111 tlrat
382 4057 427 4112 his
440 4055 555 4111 Method
572 4055 627 4112 irad
645 4067 695 4128 put
711 4056 759 4113 the
798 4075 853 4112 vves
864 4058 894 4112 in
906 4053 1022 4112 Bsoon's
1037 4055 1113 4129 days.
1149 4055 1270 4112 Witness
1285 4056 1332 4112 tire

224 4133 758 4208 rlmoctdivinskncvlerlgrolliorms
799 4131 1210 4206 duoovcryolthepmroi
1231 4132 1331 4188 Son

225 4215 319 4271 within
331 4233 381 4270 our
392 4214 479 4270 rescln
799 4212 883 4268 What
896 4231 936 4268 vro
953 4212 1022 4268 have
1040 4210 1135 4285 chiefly
1146 4210 1284 4284 improved
1302 4211 1332 4266 in

300 4291 349 4350 See
367 4309 442 4364 supr.
461 4290 484 4348 1.
500 4307 560 4365 ¹⁰9·
595 4291 662 4347 'liris
682 4299 759 4364 great
799 4291 1115 4364 irskilloiepplication.

225 4370 356 4428 influence
379 4371 411 4428 ol
436 4369 536 4428 chance
559 4368 614 4426 and
643 4372 758 4428 circum
