3078 5180
525 334 613 400 LIB.
632 335 660 400 I.
678 337 815 422 26-32.
1180 341 1223 406 17

117 493 240 565 subito
259 505 446 588 percutere
464 519 533 568 non
552 508 720 592 possunt;
743 508 786 569 ut
803 521 946 571 necesse
965 500 1011 570 sit
1029 523 1097 585 eas,
1109 503 1225 593 quoad

117 612 309 703 opiniones
339 612 443 685 duras
472 623 511 684 et
540 614 698 698 absonas,
729 616 804 686 lere
837 617 947 687 instar
977 619 1225 709 mysteriorum

117 727 203 798 fidei
221 729 347 800 videri.

599 828 748 901 XXIX.

171 925 217 997 In
234 927 403 1011 scientiis,
421 952 498 1038 quae
514 931 552 999 in
570 929 795 1022 opinionibus
813 939 851 1002 et
867 929 1044 1024 placitis²⁷
1065 933 1225 1004 fundatae

118 1053 216 1125 sunt,
251 1043 367 1116 bonus
401 1055 455 1116 est
491 1070 574 1117 usus
609 1045 894 1142 antiorpotiocum
933 1057 970 1119 et
1007 1048 1224 1132 dialecticae;

117 1161 266 1252 quando
283 1185 371 1255 opus
388 1173 443 1232 est
459 1184 640 1233 assensum
658 1163 856 1258 subjugare,
875 1187 945 1234 non
965 1187 1020 1234 res
1031 1162 1069 1234 ²⁸.

610 1333 740 1406 XXX.

172 1431 271 1517 Non,
289 1435 318 1504 si
343 1435 461 1504 omnia
483 1437 643 1505 omnium
670 1444 816 1506 aetatum
842 1436 984 1530 ingenia
1009 1435 1168 1518 coierint,
1187 1445 1226 1506 et

119 1549 263 1620 labores
279 1551 495 1621 contulerint
512 1560 550 1622 et
567 1553 833 1634 transmiserint,
851 1573 1055 1645 progressus
1076 1574 1226 1646 magnus

119 1667 198 1736 lieri
216 1670 349 1760 poterit
365 1669 401 1737 in
420 1669 576 1740 scientiis
593 1691 656 1760 per
672 1669 957 1763 anticipationem
986 1669 1070 1761 quia
1090 1692 1225 1740 errores

120 1783 304 1867 radicales,
321 1792 360 1856 et
382 1785 419 1854 in
443 1786 556 1877 prima
576 1785 772 1879 digestione
790 1787 930 1868 mentis,
948 1784 993 1855 ab
1011 1783 1227 1856 excellentia

120 1898 348 1971 functionum
366 1909 404 1970 et
421 1901 658 1972 remediorum
676 1903 900 1992 sequentium
919 1925 990 1973 non
1007 1911 1186 1974 curantur.

174 2171 322 2243 Frustra
342 2195 511 2267 magnum
534 2072 750 2267 expdblbllrl'
763 2182 995 2268 augmentum
1014 2174 1051 2242 in
1070 2173 1227 2243 scientiis

120 2310 169 2358 ex
191 2287 503 2379 superinductione
526 2297 565 2359 et
588 2290 753 2360 insitione
769 2311 944 2359 novorum
961 2311 1067 2380 super
1086 2296 1226 2370 vetera;

120 2405 184 2474 sed
211 2405 420 2476 instauratio
445 2406 607 2476 facienda
631 2414 686 2476 est
711 2406 756 2476 ab
781 2406 861 2476 imis
887 2405 1137 2486 fundamentis,
1159 2405 1227 2474 nisi

119 2517 233 2590 libeat
263 2530 436 2612 perpetuo
466 2521 692 2592 circumvolvi
727 2523 763 2591 in
794 2521 927 2604 orbem,
958 2545 1041 2591 cum
1074 2520 1158 2590 exili
1189 2529 1226 2590 et

119 2636 222 2728 quasi
245 2638 509 2708 contemnendo
531 2635 764 2732 progressum.

171 2909 346 3006 Antiquis
370 2912 573 2983 auctoribus
588 2811 706 2984 {1ng
703 2811 842 2984 ddnstat
865 2911 986 2996 honos,
1005 2920 1111 3005 atque
1136 2912 1226 2984 adeo

118 3024 327 3098 omnibus³⁰
338 3049 348 3111 3
376 3030 546 3119 quianon
564 3029 787 3123 ingeniorum
809 3035 872 3098 aut
893 3027 1105 3098 facultatum
1124 3026 1227 3096 indu·

154 3240 181 3282 ²⁷
194 3239 653 3312 “placita,”arbitraryviews,with·
695 3241 787 3296 Bacou
818 3259 902 3294 seems
933 3239 995 3296 here
1025 3249 1053 3294 to
1083 3240 1170 3295 allude
1198 3251 1226 3296 to

118 3329 168 3376 out
186 3317 347 3374 foundation
363 3328 456 3390 except
472 3321 501 3374 iu
516 3321 561 3376 the
578 3321 652 3376 mind
696 3320 795 3374 Mattb.
807 3319 843 3374 ix.
857 3321 898 3374 16.
915 3325 934 3349 “
946 3319 991 3373 No
1008 3336 1070 3374 man
1089 3319 1194 3389 putteth
1211 3339 1227 3374 a

118 3399 150 3454 ol
166 3398 224 3452 him
243 3397 304 3451 who
322 3396 401 3452 holds
419 3397 490 3452 them
499 3421 508 3462 t
530 3399 576 3454 the
593 3398 653 3452 Ari·
695 3399 768 3470 piece
784 3399 814 3452 ol
827 3415 885 3452 new
898 3397 969 3452 cloth
982 3407 1048 3452 uuto
1062 3415 1096 3452 an
1108 3397 1153 3452 old
1165 3417 1225 3469 gar-

117 3479 244 3534 stutellan
256 3477 338 3532 θέσις.
695 3486 777 3540 ment,
790 3477 860 3532 &c.'’

154 3555 181 3596 ²⁸
198 3555 266 3612 Thia
282 3555 483 3627 “subjugation
496 3556 526 3611 ol'
539 3557 653 3610 assent”
730 3555 756 3594 ³⁰
774 3555 816 3610 Cl.
835 3553 959 3610 Prelace:
992 3558 1076 3608 “non
1106 3554 1225 3626 ingenio·

117 3637 141 3691 is
154 3634 200 3691 the
212 3643 273 3706 part
285 3633 315 3688 ol
326 3633 403 3688 those
414 3634 474 3688 who
487 3652 530 3690 are
543 3641 654 3690 content
695 3653 764 3700 rum,
777 3635 846 3690 &c.”
883 3635 927 3689 lle
942 3633 1058 3688 declares
1075 3633 1172 3688 larther
1190 3653 1225 3690 on

117 3727 146 3771 to
164 3732 214 3770 use
232 3713 279 3768 the
293 3712 455 3768 “subtilitas
468 3713 653 3776 Intellectus,’'
695 3716 753 3770 that
765 3715 810 3769 the
823 3732 881 3768 new
894 3712 1007 3767 Method
1021 3711 1084 3767 does
1097 3723 1144 3768 not
1156 3717 1226 3769 exalt

115 3794 231 3851 without
244 3791 383 3862 troubling
398 3790 557 3846 themselves
570 3788 654 3846 about
694 3795 744 3850 but
758 3795 824 3848 level
835 3794 979 3847 intellecta:
1002 3792 1035 3845 cl.
1050 3791 1115 3846 lnlr.
1131 3793 1153 3847 1.
1167 3810 1224 3848 122.

116 3875 163 3930 the
175 3871 339 3928 “subtilitas
351 3871 468 3926 rerum.”
694 3871 821 3942 Though,
835 3871 875 3924 lor
887 3871 931 3924 the
944 3872 1008 3924 sake
1019 3870 1050 3924 ol'
1060 3871 1198 3943 obtaining
1211 3891 1227 3926 a

147 3953 175 3993 ²⁹
188 3947 653 4022 lltbssystembethoroughlybad,
694 3953 813 4023 bearing,
826 3950 860 4004 he
877 3950 900 4004 is
918 3950 1019 4020 willing
1036 3949 1109 4003 thare
1128 3949 1225 4006 should

115 4051 152 4088 no
170 4029 366 4104 patohingwill
381 4028 457 4082 avsil.
492 4029 551 4083 'lha
568 4043 653 4093 more,
694 4031 728 4085 be
740 4039 792 4086 two
805 4027 1014 4084 “doctrinarum
1026 4030 1225 4084 emanationes'’

114 4121 170 4177 too,
181 4113 204 4168 it
222 4111 247 4165 is
265 4107 341 4173 used,
354 4107 400 4163 the
414 4107 512 4164 larther
522 4123 620 4178 wrong
633 4107 654 4163 it
694 4118 782 4163 -two
806 4117 920 4179 systema
943 4107 1026 4176 going
1050 4125 1086 4160 ou
1110 4107 1167 4161 side
1190 4109 1226 4178 by

114 4193 167 4248 will
184 4189 261 4256 lead3
283 4207 315 4244 or
332 4199 359 4242 at
377 4206 428 4260 any
440 4197 503 4253 rate,
516 4189 537 4243 it
548 4186 613 4250 will,
627 4197 654 4242 at
695 4187 767 4253 side;
786 4197 831 4259 yet
845 4187 880 4240 he
896 4187 961 4257 fully
975 4185 1093 4240 believed
1110 4185 1167 4239 that
1183 4185 1225 4239 bis

114 4270 160 4327 thc
171 4271 242 4334 best,
256 4285 332 4338 carry
343 4285 376 4321 us
389 4266 476 4321 round
492 4265 545 4322 aad
561 4267 652 4322 round
694 4284 754 4322 own
772 4273 846 4320 must
863 4283 929 4320 soon
948 4273 997 4334 put
1015 4281 1048 4318 an
1064 4262 1116 4317 end
1135 4273 1163 4316 to
1181 4263 1226 4316 the

111 4353 141 4406 iu
162 4369 179 4405 a
200 4349 290 4413 circle,
310 4345 422 4401 without
440 4347 495 4400 real
514 4360 652 4417 progress.
695 4345 779 4409 other,
793 4363 821 4400 as
833 4343 929 4398 indeed
943 4344 962 4397 it
975 4343 1023 4398 has
1036 4342 1113 4396 done.

735 4457 757 4505 C
