3268 5146
611 347 700 412 mn.
725 345 770 411 ιι.
786 349 902 433 3⁶‚37.
1243 341 1308 406 ass

206 509 322 605 giores
337 517 459 582 autem
476 511 514 581 in
531 509 573 581 iis
590 510 783 582 tractandis
802 511 848 580 ad
866 508 961 579 hunc
977 507 1085 577 linem
1104 504 1248 589 fuimus,
1264 511 1307 572 nt

207 624 369 698 homines
392 623 563 719 paulatim
581 627 719 698 discant
735 634 775 697 et
794 624 985 698 assuefiant
1006 622 1053 693 de
1070 628 1199 692 natura
1208 617 1307 711 judi·

207 763 287 814 care
312 763 376 834 par
401 742 586 814 instantias
612 742 796 825 cruciant
821 742 1065 836 experimenta
1091 737 1247 822 lucifera,
1268 745 1308 809 et

207 877 279 929 non
296 879 360 950 per
376 858 531 928 rationes
548 856 759 951 prohabiles.

647 1044 860 1120 XXXVII.

258 1162 360 1236 Inter
378 1164 631 1262 proeropatiuas
662 1163 907 1235 instantiarum
938 1185 1109 1257 ponemus
1138 1160 1217 1232 loco
1247 1161 1309 1231 de-

208 1282 301 1353 cimo
321 1282 446 1374 quinto
468 1281 655 1352 instantias
671 1280 848 1354 ‹liucrtiiii
859 1305 871 1362 ,·
897 1303 973 1374 quse
994 1279 1154 1352 indicant
1170 1297 1307 1370 separa·

208 1397 323 1468 tiones
348 1403 555 1468 naturarum
572 1418 705 1480 earum,
722 1420 800 1490 quae
828 1405 868 1468 ut
890 1395 1084 1489 plurimum
1105 1398 1307 1464 occurrunt.

211 1511 392 1582 Differunt
419 1521 541 1582 antem
571 1512 616 1582 ah
646 1513 835 1597 instantiis,
864 1535 943 1606 quae
968 1510 1231 1604 subjunguntur
1255 1506 1310 1575 in-

208 1627 349 1700 stantiis
372 1627 577 1708 comitatus:
602 1627 685 1720 qnia
708 1625 777 1698 illae
801 1629 959 1700 indicant
984 1625 1223 1720 separationes
1248 1644 1311 1692 na·

210 1753 298 1814 turae
322 1742 470 1837 alicujus
490 1743 537 1814 ab
559 1743 677 1837 aliquo
701 1754 876 1828 concreto,
894 1766 977 1815 cum
1000 1766 1071 1836 quo
1096 1740 1159 1812 illa
1179 1736 1311 1810 famili-

209 1861 317 1931 ariter
334 1861 555 1946 oonsuescit3
581 1859 636 1929 hae
653 1882 736 1930 vero
754 1861 991 1953 separationes
1008 1867 1142 1929 naturae
1162 1853 1311 1946 alicujus

209 1974 256 2045 ab
278 1973 391 2046 altera
407 1983 543 2045 natura.
595 1972 777 2045 Differunt
796 1977 904 2046 etiarn
922 1975 968 2046 ab
993 1971 1169 2045 instantiis
1185 1967 1311 2051 crucia

210 2091 294 2183 quia
315 2089 403 2160 nihil
427 2089 675 2172 determinant,
693 2091 754 2160 sed
779 2099 928 2161 monent
945 2098 1087 2160 tantum
1104 2088 1150 2158 de
1173 2107 1312 2178 separa·

207 2205 347 2278 bilitate
371 2207 477 2277 nnius
507 2216 642 2276 naturae
672 2206 717 2276 ah
742 2205 866 2277 altera.
919 2204 1016 2276 Usus
1041 2213 1162 2275 autem
1188 2222 1310 2271 earum

209 2331 264 2394 est
296 2321 341 2392 ad
375 2319 571 2414 prodendas
596 2320 702 2392 falsas
736 2321 877 2404 formas,
904 2330 942 2391 et
969 2318 1188 2414 dissipandas
1217 2315 1312 2386 leves

210 2436 529 2531 contemplationes
547 2459 594 2506 ex
614 2436 720 2508 rebus
739 2436 851 2508 obviis
874 2437 1050 2519 orientes3
1075 2436 1167 2506 adeo
1182 2440 1224 2503 nt
1240 2429 1315 2500 rel-

211 2555 265 2623 nti
283 2551 471 2646 plumbum
488 2559 528 2623 et
544 2551 700 2645 pondera
717 2551 917 2623 intellectui
935 2546 1112 2623 addantffi.

262 2667 429 2763 Exempli
454 2668 593 2763 gratia:
619 2669 691 2739 sint
716 2678 851 2740 naturae
877 2667 1054 2761 inquisite
1074 2675 1227 2760 quatuor
1251 2686 1314 2734 na-

212 2795 300 2858 turae
330 2784 409 2868 illae,
437 2807 524 2878 quas
554 2782 808 2857 contubernales
838 2785 917 2857 vult
947 2807 1024 2856 esse
1048 2777 1249 2864 Telesiusv,
1276 2791 1313 2850 et

212 2912 380 2997 tanquam
411 2925 459 2972 ex
493 2901 619 2972 eadem
650 2922 813 2974 camera:
850 2903 916 2972 viz.
948 2899 1113 2983 calidum,
1143 2897 1313 2978 lucidum,

211 3125 354 3194 edto(ths
366 3125 571 3180 circumstances
584 3123 615 3179 ol
620 3141 655 3178 aa
663 3141 742 3195 expc-
783 3123 888 3180 cemcd.
924 3123 1000 3194 They
1015 3139 1112 3194 appear
1127 3130 1154 3176 at
1169 3120 1228 3175 lirst
1243 3117 1317 3189 sight

211 3203 401 3274 simentbeing
416 3203 507 3258 antei
518 3219 569 3258 our
580 3219 677 3274 ροιιοτ,
690 3201 743 3256 end
783 3203 837 3257 like
857 3201 903 3256 the
927 3200 1065 3256 Instantis
1086 3199 1244 3261 Comitatus,
1264 3195 1316 3251 bat

211 3281 349 3352 incapable
366 3280 397 3336 ot
412 3280 493 3352 being
513 3279 604 3335 varied
625 3289 653 3335 at
673 3281 743 3352 plea-
785 3299 829 3336 are
849 3289 914 3345 nats
935 3279 978 3335 ior
997 3278 1072 3334 these
1091 3279 1170 3332 latter
1189 3291 1233 3330 are
1252 3274 1316 3344 only

212 3363 294 3430 sure),
307 3360 416 3415 tharsis
432 3359 505 3413 otton
517 3376 533 3413 a
544 3369 619 3430 great
629 3367 701 3413 want
716 3357 748 3414 oi
785 3358 927 3414 hidicative
945 3358 976 3413 oi
992 3357 1038 3412 tha
1057 3355 1171 3411 absence
1190 3353 1222 3408 oi
1241 3369 1316 3407 soma

212 3438 364 3494 mnelnsive
392 3436 526 3493 evidence.
573 3436 640 3492 This
665 3436 744 3491 holds
785 3437 888 3492 Nature
899 3453 931 3491 or
942 3435 1083 3508 qualityin
1094 3435 1245 3495 concretess
1263 3431 1316 3484 ie.

211 3517 242 3573 ci
257 3517 437 3589 Agrimrltura
462 3515 604 3582 Medicina,
625 3515 745 3572 Political
785 3516 814 3570 in
828 3513 989 3570 individuale
1005 3512 1069 3568 with
1085 3510 1174 3566 which
1191 3510 1254 3582 they
1272 3526 1317 3564 ars

212 3595 360 3667 Iiconomy‚
379 3594 429 3649 tre.
466 3593 499 3649 ln
520 3593 594 3649 these
615 3611 678 3649 men
699 3594 745 3649 dc-
786 3593 891 3664 usually
902 3591 1064 3648 connecteds
1083 3607 1114 3646 so
1127 3589 1211 3645 ldiots
1226 3585 1317 3642 would

211 3673 283 3729 ceive
300 3672 460 3728 themselves
476 3672 505 3726 in
519 3689 703 3744 coanneucc
718 3671 749 3727 ol
785 3672 820 3728 be
839 3671 976 3726 laetantia
989 3670 1138 3726 Comitatus
1159 3685 1189 3722 as
1209 3665 1318 3738 lacking

212 3750 276 3816 this,
292 3749 345 3805 and
363 3749 443 3805 thinlr
460 3749 525 3822 they
542 3767 587 3805 ara
604 3749 747 3820 remoning
787 3749 951 3806 Reason-a
974 3749 1074 3821 quality
1098 3747 1128 3802 oi
1150 3745 1316 3815 Humanitys

212 3828 283 3884 irorn
300 3829 354 3884 lact
371 3826 424 3883 and
443 3828 604 3898 experience,
617 3827 704 3892 when,
718 3828 747 3882 in
787 3827 864 3883 rrhils
888 3827 963 3883 these
988 3827 1126 3882 lastanms
1149 3824 1181 3880 oi
1202 3824 1318 3878 Divoroe

213 3906 386 3980 rentynhey
398 3924 442 3962 ers
453 3907 518 3977 only
526 3905 669 3976 reasoning
676 3905 747 3961 iram
787 3924 831 3961 ars
848 3907 947 3978 simply
957 3904 1024 3962 snoh
1040 3921 1114 3960 esses
1132 3921 1161 3958 as
1179 3902 1252 3958 sherr
1263 3899 1319 3956 dis·

213 4003 231 4040 a
241 3986 357 4040 mixture
369 3983 400 4039 oi
409 3983 485 4039 hnth
496 3982 550 4039 and
560 3982 728 4039 talsahood.”
787 3987 898 4041 sinedon
917 3984 1036 4040 wesen
1054 3984 1151 4039 classes
1169 3981 1257 4035 which
1274 3997 1319 4034 are

249 4062 275 4102 ²⁶
291 4062 380 4118 'l'hese
392 4067 411 4094 “
422 4061 561 4118 instance·
572 4061 603 4117 oi
612 4061 747 4117 Disorce”
786 4082 851 4120 near
873 4081 926 4120 one
949 4063 1107 4119 another—
1118 4079 1147 4116 as
1170 4059 1239 4131 light
1265 4056 1319 4112 and

213 4160 258 4198 are
278 4159 353 4197 cases
373 4141 403 4196 in
418 4139 507 4196 which
528 4139 642 4210 nothing
659 4141 682 4196 is
701 4138 747 4195 dc-
786 4145 859 4200 hest.

213 4219 344 4275 terminsd
362 4220 403 4290 (as
421 4219 448 4274 in
469 4217 576 4274 Crudsl
589 4217 747 4288 instantes),
823 4221 849 4263 Ν
867 4222 934 4278 This
957 4221 1054 4293 phrase
1077 4220 1100 4274 is
1124 4218 1169 4273 the
1193 4231 1266 4272 mane
1289 4229 1320 4268 as

215 4306 265 4362 but
284 4307 314 4361 in
332 4305 421 4361 which
444 4304 490 4360 the
514 4303 683 4360 distinctions
701 4305 748 4360 he-
788 4301 846 4357 that
857 4302 884 4356 in
899 4300 921 4355 l.
932 4317 992 4367 10⁴·

215 4397 300 4440 tween
324 4383 431 4440 Classes
452 4383 480 4438 in
501 4382 603 4438 Nature
626 4399 669 4437 are
694 4381 748 4437 dis·
824 4380 849 4422 ²⁷
868 4379 911 4434 of.
925 4395 1015 4450 supra,
1029 4376 1051 4432 1.
1064 4374 1123 4430 116.
