3222 5148
666 355 754 422 LIB.
772 357 815 422 ll.
836 377 882 443 ¹3·
1261 359 1321 426 171

300 513 429 610 ltaque
450 519 544 589 fiunt
562 521 724 612 qnoedum
746 518 998 592 distillationes
1023 529 1061 590 ot
1086 520 1325 612 separationes

299 657 495 727 eorporum,
521 659 586 728 per
609 636 828 729 sepulturam
854 636 1002 706 infimo
1027 638 1184 728 equino;
1214 644 1325 728 atque

299 751 477 823 excitatur
493 751 590 824 calor
604 754 641 824 in
664 753 763 826 ealce
784 775 848 845 per
871 753 1109 846 aspersionem
1135 775 1256 846 aquoe;
1283 759 1325 822 ut

292 867 368 959 J'sm
387 868 523 940 dietum
541 877 609 938 est.

250 985 285 1053 4.
302 983 403 1054 Inter
419 984 633 1078 vegetabilis
658 1007 729 1054 non
755 985 935 1056 invenitur
957 984 1077 1077 aliqua
1101 982 1232 1076 planta,
1251 985 1326 1055 sive

298 1121 379 1191 pars
394 1098 535 1192 plante,
556 1099 685 1187 (veluti
704 1099 892 1193 lachryme,
910 1109 973 1170 aut
988 1099 1160 1192 medulla)
1178 1123 1255 1193 quse
1278 1101 1326 1172 sit

298 1214 344 1284 ad
361 1221 497 1285 tantum
520 1215 716 1286 humanum
733 1215 858 1286 aalide.
909 1216 980 1286 Sed
1000 1225 1122 1288 tamen
1141 1223 1197 1304 tut
1222 1239 1326 1310 supe-

299 1329 371 1400 rius
387 1329 526 1400 dietum
543 1333 612 1423 est)
632 1331 751 1402 lrerbae
768 1331 897 1404 virides
922 1331 1098 1404 eonelusoe
1121 1332 1326 1415 calescunt;
1402 1382 1406 1390 .

299 1453 408 1536 atque
428 1445 474 1514 ad
492 1445 698 1518 interiorem
717 1455 864 1532 tantum,
883 1447 995 1520 veluti
1012 1448 1059 1518 ad
1076 1445 1246 1539 palatum,
1262 1459 1326 1518 aut

299 1559 344 1630 ad
374 1561 597 1632 stomachum
607 1559 645 1644 ⁸⁴,
674 1571 737 1633 aut
767 1564 876 1634 etiarn
905 1563 950 1634 ad
982 1563 1176 1635 exteriores
1207 1572 1327 1656 partes

300 1683 381 1769 post
397 1675 552 1769 aliquam
569 1701 705 1750 morsm
723 1681 832 1771 (utin
850 1680 1050 1772 emplastris
1067 1688 1105 1750 et
1117 1679 1325 1774 unguentis)

299 1791 368 1864 alia
384 1793 598 1887 vegetabilis
614 1795 844 1866 inveniuntur
860 1795 983 1880 calida,
1000 1795 1068 1868 alin
1084 1796 1223 1890 frigida.

251 1911 286 1978 ⁵.
304 1907 390 1979 Non
407 1909 589 1980 invenitur
603 1911 641 1979 in
658 1911 816 2002 partibus
832 1912 1050 1995 animalium,
1064 1922 1251 2005 postquam
1271 1912 1326 1982 fu-

300 2025 393 2094 erint
409 2033 558 2096 mortuae
573 2034 637 2095 aut
653 2035 834 2117 separate,
851 2025 986 2119 aliquid
1003 2026 1158 2098 oalidum
1184 2029 1228 2100 ad
1252 2037 1326 2098 tao·

301 2149 378 2210 tum
405 2139 613 2212 humanum.
665 2139 764 2214 Nam
789 2163 908 2234 neque
933 2144 1038 2213 limus
1063 2144 1214 2235 equinus
1237 2143 1326 2235 ipse,

300 2255 367 2326 nisi
394 2256 503 2328 fuerit
527 2255 713 2328 conclusus
739 2266 777 2328 et
806 2256 977 2349 sepultus,
1003 2259 1156 2329 oalorem
1182 2259 1325 2328 retinet.

302 2371 375 2442 Sed
392 2380 513 2443 tamen
531 2374 646 2442 omnis
662 2374 767 2444 limus
783 2372 915 2444 babere
934 2375 1075 2446 videtur
1091 2373 1244 2446 calore!
1262 2395 1326 2466 po-

301 2487 495 2571 tentialem,
513 2498 554 2559 nt
571 2490 608 2560 in
625 2511 789 2584 agrorum
806 2490 1098 2584 impinguatione.
1150 2488 1200 2560 Et
1225 2491 1324 2562 simi-

300 2602 384 2675 liter
399 2603 571 2675 esduvera
590 2605 796 2676 animalium
823 2605 1025 2710 hujusmodi
1051 2606 1184 2678 babent
1210 2605 1324 2678 luten-

300 2728 374 2791 tem
392 2729 431 2792 et
448 2719 683 2814 potentialem
701 2721 875 2804 oalorem;
892 2723 983 2794 adeo
996 2731 1037 2793 nt
1050 2723 1088 2792 in
1101 2724 1325 2806 eoemeteriis,

301 2833 362 2905 ubi
388 2835 549 2926 quotidie
574 2836 667 2905 finnt
691 2835 891 2928 sepulture,
916 2845 1011 2908 terra
1036 2837 1189 2908 calorem
1216 2861 1328 2930 quen-

301 2950 382 3022 dam
400 2950 580 3022 oeoultum
594 2949 751 3044 colligat,
764 2952 824 3043 qui
837 2953 988 3022 nadaver
1003 2953 1146 3046 aliquod
1164 2961 1328 3026 recenter

301 3068 508 3160 impositum
525 3067 704 3138 eonsumit
720 3066 827 3160 longe
843 3067 949 3136 eitius
961 3089 1069 3159 quam
1088 3079 1180 3140 terra
1196 3065 1327 3162 puraffi.

300 3182 424 3276 Atque
466 3183 560 3276 apud
595 3183 784 3254 orientales
826 3184 980 3254 traditur
1013 3184 1163 3254 inveniri
1198 3185 1327 3255 textile

301 3301 480 3392 quoddam
498 3310 609 3370 tenne
630 3306 668 3368 et
691 3297 808 3381 molle,
827 3299 962 3369 foetum
981 3302 1162 3370 exenium
1189 3300 1328 3393 pluma·

300 3417 397 3508 gine,
415 3417 509 3509 qnod
528 3417 562 3485 vi
579 3415 703 3485 innato
719 3415 888 3506 butyrum
912 3412 1027 3487 solvat
1049 3423 1087 3486 et
1113 3415 1326 3508 liquefaciat,

301 3533 337 3601 in
355 3532 432 3624 ipso
448 3531 577 3602 leviter
593 3525 838 3600 involutumffi.

252 3645 288 3718 6.
313 3647 402 3731 Quae
439 3647 664 3741 impinguant
697 3667 810 3739 agros,
846 3656 888 3716 ut
921 3645 995 3716 limi
1030 3647 1144 3718 omnis
1178 3647 1327 3741 generis

301 3771 409 3844 oreta,
438 3785 547 3833 arena
580 3763 698 3844 maris,
729 3761 790 3844 sal,
822 3769 861 3831 et
889 3761 1031 3845 similia,
1061 3763 1327 3856 dispositionem

304 3877 512 3948 nonnullam
530 3877 665 3949 hubent
681 3877 727 3947 ad
745 3876 913 3948 calidum.

261 4058 288 4098 ⁸⁴
304 4057 370 4114 'l'his
394 4076 467 4114 nme
490 4058 652 4113 metanoeis
673 4057 756 4113 intro-
797 4058 936 4112 assertion.

226 4137 314 4194 duoed
327 4139 355 4192 in
367 4137 450 4192 'l'abls
468 4137 496 4202 ii,
514 4135 568 4190 and
589 4135 674 4191 shows
695 4136 757 4191 how
832 4134 858 4176 ³⁶
874 4135 940 4190 This
959 4135 1046 4207 might
1064 4136 1163 4210 readily
1174 4137 1289 4209 huppen,
1309 4141 1332 4194 il

224 4233 290 4289 very
301 4215 416 4288 ronghly
429 4215 521 4270 Baoon
532 4213 583 4270 has
593 4213 699 4270 thrown
712 4214 756 4269 his
797 4214 842 4270 the
851 4215 988 4285 mpping
997 4231 1051 4269 uas
1063 4214 1131 4270 such
1143 4233 1173 4271 as
1184 4224 1213 4272 to
1225 4219 1330 4274 confina

226 4296 361 4366 mmples
372 4294 503 4368 together.
797 4293 978 4366 tbeAirvsry
989 4295 1096 4366 closely.

262 4371 287 4413 ⁸⁶
304 4372 391 4428 'l'bsre
410 4373 435 4429 is
455 4390 492 4429 no
513 4371 620 4444 ground
641 4371 683 4426 for
702 4370 757 4426 tbis
