3222 5148
585 327 675 392 IrIB.
692 328 720 394 Ι.
737 349 876 418 90—92.
1244 336 1288 400 89

181 489 378 564 secundnm
395 497 529 562 rectam
546 491 720 565 rationem
735 515 790 566 res
808 495 859 566 ita
875 517 914 566 se
931 495 1050 578 habet,
1060 497 1123 568 sed
1141 497 1286 570 interim

180 608 327 679 nonita
352 608 507 679 vivitur:
533 608 595 680 sed
619 611 699 693 ista,
723 635 832 704 quam
856 612 1023 696 diximus,
1047 615 1286 686 doctrinarum

180 725 441 798 administratio
468 735 507 798 et
536 726 661 820 politia
687 731 915 802 scientiarum
942 741 1135 826 augmenta
1165 733 1287 806 durius

181 863 344 934 premere
361 843 557 914 consuevit.

682 1041 786 1114 XCI.

230 1152 357 1248 Atque
385 1157 528 1250 insuper
558 1157 642 1230 licet
666 1159 735 1230 ista
764 1159 895 1230 invidia
920 1161 1129 1244 cessaverit3
1164 1164 1285 1234 tamen

181 1273 266 1343 satis
309 1282 364 1343 est
407 1275 450 1344 ad
494 1272 733 1346 cohibendum
775 1285 1008 1371 augmentum
1049 1278 1286 1362 scientiarum,

181 1386 277 1478 quod
302 1387 503 1479 hujusmodi
527 1400 675 1462 conatus
699 1400 737 1462 et
754 1392 936 1463 industriae
952 1392 1104 1484 praemiis
1130 1401 1284 1464 careant.

182 1504 268 1576 Non
298 1508 395 1578 enim
423 1530 533 1601 penes
563 1509 706 1580 eosdem
738 1519 792 1582 est
818 1509 958 1582 cultura
983 1511 1221 1595 scientiarum,
1247 1520 1285 1582 et

181 1622 376 1716 praemium.
428 1621 665 1695 Scientiarum
691 1627 786 1696 enim
804 1637 998 1722 augmenta
1017 1650 1039 1697 a
1056 1628 1192 1721 magnis
1215 1627 1287 1697 uti-

181 1761 252 1832 que
276 1739 428 1832 ingeniis
452 1741 685 1831 proveniunt;
710 1751 749 1812 at
766 1744 881 1836 pretia
903 1751 942 1814 et
958 1743 1102 1837 praemia
1124 1743 1286 1814 scientis-

180 1876 262 1924 rum
291 1863 377 1924 sunt
402 1876 512 1947 penes
539 1854 665 1950 vulgus
693 1865 757 1927 aut
782 1857 959 1952 principes
987 1857 1089 1940 viros,
1115 1858 1175 1949 qui
1202 1855 1284 1950 (nisi

180 1993 259 2042 raro
276 1968 486 2057 admodum)
506 1969 564 2040 vix
582 1971 810 2044 mediocriter
825 1972 922 2043 docti
940 1981 1033 2042 sunt.
1077 1971 1284 2058 Quinetiam

179 2085 385 2179 hujusmodi
416 2109 631 2182 progressus,
659 2109 731 2159 non
762 2091 876 2159 solnm
907 2089 1058 2181 praemiis
1085 2096 1123 2158 et
1152 2088 1286 2160 benefi-

179 2203 300 2274 centia
318 2201 515 2283 hominnm,
535 2225 657 2274 verum
680 2205 789 2274 etiam
812 2205 888 2298 ipsa
910 2203 1070 2299 populari
1094 2202 1200 2276 laude
1224 2204 1285 2274 de-

178 2318 298 2390 stituti
330 2327 423 2389 sunt.
482 2315 576 2388 Sunt
606 2318 702 2389 enim
730 2317 782 2388 illi
812 2342 916 2412 supra
945 2328 1089 2411 captum
1120 2319 1286 2389 maximae

180 2436 295 2528 partis
316 2432 520 2517 hominurn,
547 2442 586 2506 et
618 2434 664 2504 ab
699 2435 907 2527 opinionum
938 2433 1137 2528 vulgarium
1168 2436 1284 2507 ventis

178 2547 285 2619 facile
310 2547 509 2619 obruuntur
529 2558 567 2621 et
587 2550 858 2644 extinguuntur.
911 2549 1038 2642 Itaque
1063 2549 1115 2621 nil
1140 2551 1284 2634 mirum,

179 2667 208 2735 si
232 2688 289 2736 res
309 2664 371 2737 illa
393 2689 464 2736 non
485 2666 639 2739 feliciter
660 2670 877 2751 successerit,
894 2690 973 2762 quae
993 2667 1029 2740 in
1054 2666 1187 2739 honore
1210 2689 1282 2738 non

179 2783 261 2854 fuit.

671 2925 795 2998 XCII.

230 3041 305 3114 Sed
341 3041 447 3137 longe
477 3043 674 3115 maximum
704 3044 945 3139 progressibus
976 3044 1216 3130 scientiarum,
1246 3056 1284 3118 et

177 3159 280 3230 novis
297 3159 415 3252 pensis
436 3181 477 3230 ac
501 3159 689 3251 provinciis
711 3160 748 3228 in
766 3161 893 3230 iisdem
910 3161 1151 3254 suscipiendis,
1168 3162 1285 3234 obsta·

178 3275 302 3348 culum
320 3275 599 3368 deprehenditur
616 3277 653 3346 in
670 3277 915 3370 desperatione
933 3277 1130 3360 hominum,
1149 3285 1187 3348 et
1203 3299 1286 3372 sup-

177 3393 356 3486 positione
377 3389 632 3484 impossibilius
684 3391 811 3462 Solent
827 3393 924 3462 enim
942 3392 1007 3462 viri
1031 3393 1226 3484 prudentes
1247 3401 1286 3464 et

177 3508 294 3580 severi
329 3507 367 3577 in
402 3507 605 3600 hujusmodi
640 3508 745 3578 rebus
783 3507 888 3599 plane
924 3506 1107 3578 diffidere:
1149 3516 1285 3579 natura

178 3624 446 3708 obscuritatem,
457 3625 539 3694 vitae
556 3624 780 3705 brevitatem,
793 3646 960 3695 sensuum
979 3621 1144 3708 fallacias,
1155 3625 1284 3718 judicii

176 3741 434 3824 infirmitatem,
463 3741 791 3833 experimentorum
822 3739 1060 3824 difficultates,
1087 3749 1125 3810 et
1155 3742 1285 3814 similia

175 3879 299 3929 secum
329 3864 546 3951 reputantes.
602 3856 731 3948 Itaque
761 3857 977 3938 existimant,
1007 3878 1083 3928 esse
1113 3857 1283 3950 quosdam

176 3972 417 4054 scientiarum,
444 3995 507 4066 per
531 3981 735 4065 temporum
761 3980 970 4043 statatum
996 3973 1119 4044 mundi
1145 3975 1284 4046 revolu-

211 4219 311 4276 ⁴'l¹his
330 4219 540 4294 difficultyirom
558 4221 645 4277 msn’s
664 4221 710 4276 da·
751 4221 862 4292 Encycl.
876 4219 993 4293 Metrop.
1026 4221 1052 4276 lt
1063 4220 1136 4276 laada
1150 4221 1283 4274 Baconto

176 4301 249 4372 spair
265 4301 288 4354 is
305 4316 342 4354 no
356 4317 414 4354 new
425 4300 511 4373 thing.
550 4300 592 4356 Oi.
606 4299 710 4356 Dr.Jc·
751 4298 874 4354 consider
896 4301 932 4354 its
953 4299 1207 4372 contrary-Hope,
1228 4296 1283 4352 and

176 4380 284 4438 remis’s
295 4377 382 4450 lissey
389 4397 424 4434 on
436 4378 482 4435 tlre
495 4379 613 4452 Scaptius
625 4380 653 4434 in
665 4379 711 4434 tha
750 4379 785 4434 its
798 4377 928 4449 grounds.
