3268 5146
347 338 414 402 280
673 333 849 401 NOVUM
877 331 1126 400 ORGANUM.

346 499 441 573 oculi
468 501 638 584 tunicum,
656 523 738 594 quae
764 499 968 596 pelliculam
993 496 1092 571 illum
1120 505 1309 571 cutuructae
1334 517 1451 568 remo-

347 625 448 690 veret
469 625 507 688 et
528 617 691 690 truderet
711 617 750 688 in
775 616 947 712 angulum
964 615 1074 710 oculi)
1091 613 1283 686 clarissime
1301 613 1448 684 sidioeet

347 733 522 806 festucam
538 732 637 804 illum
653 755 760 827 supra
775 735 889 828 ipsum
906 730 1078 826 pupillum
1094 737 1312 802 moventem.
1342 729 1449 814 Quod

347 857 529 944 utcunque
559 873 683 922 rernm
711 872 789 923 esse
819 850 938 943 possit,
965 847 1196 921 manifestum
1222 856 1289 930 est,
1315 846 1451 940 mujorn

347 987 494 1062 corpore
519 989 590 1040 non
616 967 709 1040 bene
734 975 797 1040 eut
822 967 992 1040 distincte
1017 966 1125 1049 cerni,
1146 966 1215 1036 nisi
1240 965 1278 1035 in
1304 963 1453 1056 cuspide

346 1083 662 1167 coniectantibus
678 1085 785 1158 rodiis
801 1083 933 1178 objecti
946 1083 992 1156 ud
1009 1080 1218 1154 nonnullum
1231 1080 1451 1152 distantiam.

347 1197 570 1284 Quinetiam
588 1200 628 1272 in
645 1200 788 1273 senibus
805 1199 929 1272 oculus
945 1198 1074 1272 melius
1090 1198 1206 1270 cernit
1223 1205 1362 1268 remoto
1388 1195 1454 1266 ob-

341 1314 442 1408 jecto
458 1314 565 1410 punio
581 1315 733 1411 longius,
750 1338 857 1409 quum
874 1316 1030 1410 propius.
1056 1313 1101 1386 In
1119 1313 1311 1386 missilibus
1327 1323 1454 1384 eutem

347 1438 484 1502 certum
503 1440 567 1515 est,
586 1432 848 1524 percussionem
871 1431 1035 1503 confieri
1054 1439 1129 1502 tem
1153 1431 1284 1503 fortem
1308 1431 1355 1502 cd
1382 1430 1456 1501 dis-

347 1547 499 1618 unciam
517 1547 622 1619 nimis
638 1569 792 1641 pervum,
810 1569 919 1641 quum
935 1546 1041 1642 puulo
1058 1543 1183 1642 post⁵⁹.
1222 1544 1312 1618 Haec
1328 1547 1453 1640 ituqne

347 1671 387 1735 et
415 1663 543 1734 similia
568 1663 605 1736 in
635 1665 810 1737 mensuris
839 1671 1004 1736 motuum
1029 1664 1146 1759 quood
1173 1665 1360 1736 distentius
1389 1686 1456 1736 no-

348 1780 458 1852 tendo
474 1788 569 1852 sunt.

398 1893 466 1968 Est
490 1904 529 1968 ct
552 1896 650 1969 uliud
674 1919 788 1994 genus
811 1919 985 1970 mensurae
1009 1897 1131 1970 loculis
1155 1906 1332 1980 motuum,
1356 1897 1455 1991 qnod

347 2033 420 2084 non
436 2013 780 2107 praetermittendum
797 2023 862 2086 est.
915 2013 1013 2086 Illud
1029 2037 1113 2088 vcro
1129 2015 1287 2109 pertinet
1307 2015 1354 2086 ud
1376 2037 1457 2086 mo-

347 2137 407 2200 tus
434 2152 505 2203 nou
536 2131 786 2225 progressivos,
803 2131 865 2202 sed
896 2131 1102 2225 sphaen'oos3
1127 2131 1196 2204 hoc
1225 2140 1294 2218 est,
1313 2131 1360 2202 ud
1391 2154 1458 2203 ex-

347 2247 554 2340 pensionem
579 2269 767 2342 corporum
795 2247 834 2318 in
864 2247 1033 2340 mojorem
1067 2247 1249 2343 sphaerum,
1276 2255 1341 2320 cut
1368 2270 1456 2320 con·

348 2365 560 2437 tractionem
576 2365 615 2435 in
631 2364 804 2434 minorem
814 2359 852 2434 θ).
896 2362 1153 2457 Inquirendum
1170 2366 1267 2435 enim
1285 2373 1342 2436 est
1357 2364 1457 2434 inter

348 2501 529 2552 mensurus
558 2479 643 2552 istus
668 2487 843 2564 motuum,
868 2489 1038 2574 quantum
1064 2481 1362 2574 compressionem
1389 2489 1456 2552 aut

348 2597 596 2668 extensionem
614 2619 776 2690 ,corporo
805 2597 883 2690 (pro
916 2604 1044 2668 nutura
1075 2597 1247 2690 ipsorum)
1275 2594 1382 2668 fucile
1418 2606 1458 2666 et

348 2710 504 2783 libenter
520 2713 709 2804 potientur,
727 2721 766 2783 et
790 2712 834 2783 ud
859 2733 966 2805 quem
992 2712 1185 2783 terminum
1210 2712 1380 2784 reluctari
1400 2714 1455 2784 in·

348 2827 491 2922 cipiunt,
504 2827 594 2900 adeo
611 2836 653 2898 ut
669 2828 713 2899 ud
731 2835 934 2900 extremum
950 2850 1021 2900 ιιοιι
1037 2825 1129 2900 ultro
1146 2827 1283 2912 ferunt;
1309 2837 1353 2898 nt
1369 2851 1455 2900 cum

350 2943 465 3016 vesicu
481 2943 605 3018 inflatu
619 2945 877 3038 comprimitur,
894 2944 1047 3016 sustinet
1068 2943 1130 3016 ills
1150 2945 1452 3038 compressionem

348 3059 558 3134 nonnullam
574 3060 684 3144 ciiris;
709 3061 773 3134 scd
798 3061 827 3130 si
853 3059 965 3153 mujcr
989 3059 1108 3143 fuerit,
1126 3079 1198 3130 non
1223 3060 1361 3152 potitur
1377 3062 1448 3144 nir,

350 3176 413 3248 sed
429 3178 606 3270 rumpitur
622 3177 748 3249 vesics.

399 3291 451 3364 At
474 3317 539 3366 nos
561 3292 630 3367 hoo
651 3294 769 3388 ipsum
792 3291 975 3365 subtiliore
998 3293 1243 3386 experimento
1259 3293 1375 3388 magis
1392 3315 1456 3366 ex·

348 3417 429 3482 ecte
457 3410 692 3503 probavimus.
747 3406 965 3503 Accepimus
997 3411 1092 3482 enirn
1124 3409 1372 3502 campanulum
1407 3433 1454 3482 ex

348 3525 506 3610 metullo,
524 3524 691 3599 leviorem
717 3525 853 3599 scilicet
878 3534 917 3597 et
940 3527 1149 3608 tenrriorem,
1166 3525 1262 3619 quali
1285 3527 1333 3598 ad
1356 3529 1455 3600 exci-

348 3640 518 3734 piendum
536 3641 644 3714 solem
663 3643 820 3730 utimur;
844 3665 995 3735 cumque
1012 3642 1049 3714 in
1067 3641 1199 3736 pelvim
1217 3664 1317 3736 uquae
1334 3645 1455 3716 immi·

217 3765 220 3770 '
349 3759 468 3840 simus,
485 3758 537 3829 itu
554 3767 595 3829 ut
612 3759 817 3854 deportaret
837 3781 957 3832 sccutu
975 3759 1104 3844 acrem,
1121 3760 1183 3852 qui
1201 3761 1454 3832 continebuntur

384 3967 494 4024 l⁹'1'bio
517 3970 541 4024 is
565 3979 613 4026 not
636 3968 681 4026 the
704 3989 773 4028 cnse
821 3971 880 4028 'I'he
920 3972 1457 4046 conmignornntol'thcpreunreoi

350 4048 439 4104 lnitinl
451 4047 571 4120 Velocity
586 4048 610 4104 is
628 4046 673 4103 the
691 4057 815 4120 greatest,
828 4069 879 4107 nn·
919 4051 966 4106 the
978 4053 1164 4124 Atmosphsre.
1199 4051 1280 4108 'l'hu‘
1281 4053 1455 4110 ι-ΔΙιΙιοιιιιι

348 4127 402 4183 less
426 4127 472 4181 the
495 4125 549 4182 buil
571 4125 763 4201 betruvelling
786 4128 880 4185 dourr-
922 4129 1066 4186 deseca?
1078 4130 1457 4190 wusbclicsedintillullcr

348 4206 445 4263 wdo.
921 4209 1243 4266 thetimeof'lorriculli
1280 4209 1454 4285 wasnprl

384 4283 880 4358 6θἹἸιὶι,(ιιιιιὶιιριιιὶιιΙΙγιΙιιιιηιι-
921 4289 973 4352 66,
1000 4287 1053 4344 und
1079 4289 1232 4346 lleroehcl’s
1257 4289 1453 4362 Decumi

350 4364 446 4420 rimcnt
463 4363 493 4417 ol
508 4363 555 4419 the
572 4361 813 4434 egentissimo
827 4364 880 4419 Bn-
922 4383 1009 4436 244-
1011 4369 1071 4437 246.
