3078 5180
425 249 430 292 ¹
541 319 816 404 nrn.1.71,72.
1191 325 1235 394 ts

107 482 303 552 immunes
319 486 445 552 orant:
467 481 529 553 sed
549 483 586 552 in
603 481 839 555 ambitionem
859 490 898 554 et
915 483 1111 556 vanitatem
1128 492 1234 556 saotoe

110 597 333 682 eondendae,
360 604 398 669 et
421 620 513 670 auru
541 598 721 693 popularis
752 600 947 692 naptandae,
972 601 1124 672 nimium
1154 625 1235 696 pro·

109 715 340 808 pendebant
389 713 459 786 Pro
475 713 661 810 desperata
676 725 801 788 autom
818 716 985 788 habenda
1002 725 1057 790 est
1072 718 1233 791 veritatis

110 830 320 923 inquisitio,
338 853 420 902 cunr
441 831 487 903 ad
510 831 712 924 hujusmodi
736 834 857 906 inania
879 833 1059 906 deflectat.
1111 833 1233 906 Etiam

109 969 188 1019 non
206 947 456 1020 omittendum
469 949 612 1020 videtur
620 949 800 1041 judioium
817 949 918 1034 illud,
932 953 1007 1023 sivo
1024 952 1232 1023 vaticinium

110 1065 251 1156 potius,
265 1063 627 1159 saoerdotisAEgyptii
640 1065 687 1136 do
701 1065 854 1139 Graeois:
873 1065 977 1157 Quod
987 1068 1233 1162 semperpuon'

111 1189 229 1252 arent
239 1206 254 1262 ,·
280 1204 390 1276 noque
410 1177 569 1254 haberent
591 1181 832 1278 antiquitatem
856 1183 1019 1270 scientim,
1037 1192 1101 1256 aut
1124 1184 1234 1256 sciera-

112 1297 204 1368 fiam
223 1293 489 1392 antiquitatis&
541 1295 591 1368 Et
609 1307 706 1371 oerta
723 1297 856 1371 habent
873 1301 910 1371 id
929 1302 1024 1393 quod
1041 1321 1232 1394 puerorum

113 1423 195 1498 est3
222 1421 273 1486 ut
301 1415 346 1486 ad
371 1415 597 1509 garriendum
624 1418 779 1509 prompti
806 1417 888 1500 sint,
914 1439 1084 1510 generare
1109 1424 1232 1488 autem

113 1553 191 1602 non
219 1531 381 1626 possint:
409 1554 493 1603 nam
511 1531 658 1604 verbosa
678 1532 820 1604 videtur
845 1534 1017 1627 sapientia
1042 1556 1176 1616 eorum,
1193 1540 1233 1605 et

115 1669 278 1742 operum
294 1647 433 1720 sterilis.
485 1647 613 1741 Itaque
630 1669 677 1720 ex
694 1658 774 1718 ortu
798 1658 837 1721 et
859 1659 969 1742 gente
991 1649 1233 1745 philosophia,

117 1787 201 1857 quae
219 1765 260 1836 in
279 1785 346 1834 usu
363 1773 429 1847 est,
445 1787 523 1856 quae
539 1766 729 1858 capiuntur
745 1767 854 1860 signa,
874 1767 967 1838 bona
983 1789 1056 1840 non
1073 1777 1168 1840 sunt.

174 2023 314 2115 Neque
342 2022 459 2093 multo
488 1921 763 2095 meliossxsiffi.
778 2025 888 2120 signa,
919 2048 996 2119 quaa
1027 2049 1073 2097 ex
1106 2037 1233 2100 natura

120 2141 301 2233 temporis
326 2147 365 2211 et
389 2140 503 2211 etatis
528 2141 605 2233 oapi
632 2147 790 2233 possunt,
808 2163 915 2232 quam
937 2163 1015 2232 qnae
1038 2165 1085 2213 ex
1106 2153 1234 2215 natura

121 2256 195 2329 looi
214 2265 255 2328 et
271 2252 468 2328 nationis⁴⁹.
518 2257 687 2353 Angusta
703 2257 799 2328 enirn
817 2267 895 2329 erat
912 2267 950 2328 et
969 2259 1088 2330 tenuis
1104 2260 1235 2331 notitia

122 2371 315 2468 perillam
337 2381 481 2444 aetatam
501 2373 557 2446 vel
580 2375 751 2467 temporis
776 2371 834 2445 vel
863 2373 978 2445 orbis:
1005 2375 1101 2466 quod
1127 2374 1234 2471 longe

123 2493 324 2585 pomum
350 2499 415 2574 ast,
432 2492 626 2583 praesortim
652 2491 695 2562 iis
718 2491 779 2583 qui
806 2492 925 2562 omnia
950 2491 987 2561 in
1013 2493 1235 2585 experientia

122 2597 281 2703 ponunt.
333 2605 464 2700 Neque
492 2608 588 2678 enim
618 2606 716 2679 mille
741 2629 913 2679 annorum
939 2607 1132 2692 historiam,
1155 2632 1233 2702 quoe

125 2725 239 2821 digna
263 2731 341 2793 erat
366 2723 511 2794 nomine
536 2723 700 2807 historiae,
723 2723 923 2812 habebant;
950 2725 1011 2797 sed
1036 2725 1171 2798 fabulas
1197 2733 1236 2798 et

124 2861 291 2913 rumores
327 2841 562 2932 antiquitatis.
625 2839 827 2935 Regionum
864 2865 948 2914 vero
984 2851 1236 2936 tractuumqus

124 2957 255 3030 mundi
280 2957 448 3052 exiguam
473 2964 611 3050 partem
638 2965 830 3041 noverant3
856 2979 939 3028 oum
963 2981 1087 3031 omnes
1108 2959 1236 3052 hypar-

125 3077 265 3158 boreos,
285 3072 457 3167 Scythas3
483 3095 606 3146 omnes
622 3072 872 3155 occidentales,
891 3074 1013 3146 Celtas
1029 3075 1235 3146 indistincto

126 3190 375 3286 appellarent:
400 3190 450 3260 nil
468 3189 506 3259 in
522 3189 647 3261 Αἰτίαι
663 3188 759 3261 ultra
774 3191 934 3260 citimam
951 3191 1140 3284 AEthiopiae
1157 3213 1236 3285 par·

126 3319 218 3393 tem,
248 3305 300 3378 nil
329 3307 368 3376 in
395 3305 486 3378 Asia
514 3306 609 3378 ultra
639 3305 829 3401 Gangem
859 3307 975 3377 multo
1005 3309 1123 3378 miuus
1152 3311 1234 3379 novi

127 3500 282 3564 argument,
300 3508 330 3547 as
347 3490 369 3544 it
387 3507 482 3545 occurs
502 3491 580 3563 again
600 3491 664 3546 ina
739 3489 765 3531 ⁴⁹
783 3489 825 3546 cl.
851 3491 913 3546 infr.
940 3491 963 3546 1.
981 3492 1025 3555 84.
1067 3490 1134 3547 'llris
1157 3492 1235 3565 iguo·

127 3573 181 3628 lew
199 3587 292 3643 papea.
310 3569 347 3638 (1.
361 3569 423 3641 77);
447 3587 477 3624 aa
494 3571 551 3626 also
571 3569 600 3624 in
618 3569 664 3624 the
703 3589 783 3627 rauca
801 3570 832 3625 ol
852 3569 898 3625 tha
918 3571 1025 3643 regions
1046 3571 1078 3625 ol
1092 3570 1139 3626 the
1155 3571 1236 3643 globo

128 3649 493 3722 Adr.oilmrning,p.49;
512 3647 664 3704 andintlne
703 3649 793 3705 would
811 3657 859 3704 not
876 3667 949 3704 seem
966 3668 997 3706 so
1013 3652 1236 3721 greatanevilat

130 3729 220 3785 Frlum
233 3727 331 3800 labyr.
343 3729 359 3798 §
369 3727 398 3782 8.
703 3727 762 3784 first
782 3727 853 3800 sight
859 3749 869 3793 ς
890 3727 941 3784 but
961 3729 997 3784 all
1017 3738 1077 3784 tnta
1097 3747 1236 3802 geognoay

165 3805 193 3847 ⁴⁸
209 3807 277 3862 Thia
289 3807 383 3880 saying
398 3806 422 3861 ia
436 3805 507 3862 from
520 3803 605 3870 Plato,
616 3805 663 3860 ll-
703 3805 758 3863 and
769 3817 923 3880 astronomy
935 3806 1042 3880 depend
1054 3826 1091 3864 on
1109 3827 1125 3863 u
1142 3810 1235 3865 how-

129 3903 218 3942 maeus
230 3885 305 3942 aab.
319 3881 355 3940 ’0
373 3887 470 3951 Σόλων,
488 3887 585 3950 idion,
597 3881 662 3938 ‘ul-
703 3887 780 3959 ledge
791 3887 823 3941 ol
838 3885 884 3942 the
895 3885 1093 3960 (proximately)
1105 3886 1236 3959 spherica]

129 3963 424 4034 meditamine·
437 3961 664 4036 γε’ρωνδὲἘλλην
703 3965 786 4038 shupe
797 3965 828 4021 of
841 3963 886 4021 the
902 3965 990 4038 globe.
1027 3965 1091 4022 And
1109 3965 1236 4038 certainly

130 4043 177 4098 ori«
189 4045 271 4099 lm·
289 4071 360 4084 -
371 4041 492 4114 οὖδιμίαν
502 4043 555 4116 γὰρ
570 4043 597 4097 ἐν
608 4045 664 4100 raia
703 4042 749 4099 the
760 4043 865 4118 grauth
874 4045 905 4100 ol
913 4045 949 4100 all
959 4045 1117 4118 knowledge
1130 4042 1236 4100 seamed

129 4123 233 4194 ψυχεῖα
251 4122 326 4194 ἔχετε
343 4120 377 4177 δι’
391 4123 501 4194 ἀρχαίαν
517 4121 597 4192 ἀκοὴν
613 4143 663 4176 rru-
704 4133 733 4179 to
753 4124 787 4180 be
807 4123 929 4179 attached
947 4142 1010 4196 very
1026 4125 1124 4196 closely
1142 4133 1170 4178 to
1189 4121 1236 4177 the

129 4202 208 4258 hd·
220 4201 301 4271 δόξω
315 4201 374 4256 οὐδὲ
391 4201 495 4272 μάθημα
512 4204 599 4276 χρόνῳ
616 4223 663 4257 πο-
705 4221 829 4276 prograas
850 4203 881 4258 ol
899 4201 1037 4276 discormy
1055 4203 1084 4257 in
1105 4199 1151 4256 the
1172 4198 1236 4273 15th

130 4281 190 4334 λἰὀν
201 4279 285 4336 οὐδέν.
323 4279 349 4334 lt
366 4279 390 4336 ia
408 4281 464 4336 rlao
481 4281 561 4353 given
579 4280 607 4336 in
620 4279 665 4334 the
705 4283 759 4338 and
773 4281 835 4338 roth
848 4282 989 4339 oarrturies.

131 4357 203 4414 Λᾶν.
216 4359 248 4414 ol
258 4357 401 4431 lamina,
412 4376 440 4429 p.
449 4359 492 4427 58.
