3268 5146
342 312 408 376 252
673 304 847 370 NOVUM
873 299 1135 371 ouGANUM.

344 469 495 541 flamme
512 479 568 541 est
583 467 698 552 latior,
716 477 817 540 tanto
834 476 959 540 vertex
977 466 1181 538 sublimior:
1208 467 1331 556 itaque
1348 461 1445 533 rido-

344 597 405 657 tur
428 587 640 679 principium
670 585 916 658 exstinctionis
946 584 1021 656 heri
1047 583 1141 656 circa
1164 581 1288 664 lutera
1313 579 1376 650 ubi
1400 578 1446 648 ab

342 704 424 775 aire
440 701 584 774 damma
600 702 857 796 comprimitur,
874 711 912 773 et
928 700 1023 772 maio
1040 699 1203 771 habetur.
1253 695 1308 768 At
1333 695 1446 768 medi·

343 815 448 891 tullia
463 818 626 910 dammae,
642 840 721 910 quoe
745 819 806 890 a'e'r
827 840 900 890 non
923 817 1111 912 contingit,
1127 816 1190 888 sed
1215 813 1287 886 alio
1302 811 1446 883 damma

343 934 504 1026 undique
520 932 715 1014 circundat,
732 933 857 1004 ecdem
876 955 1026 1004 numero
1042 938 1213 1016 manont3
1238 951 1357 1022 neque
1383 950 1446 998 ex·

343 1051 568 1144 tinguuntur,
596 1049 710 1120 donec
739 1048 912 1142 paulatim
940 1055 1176 1143 angustentur
1198 1045 1245 1118 ab
1273 1047 1355 1116 sere
1382 1067 1447 1138 per

343 1164 457 1237 latera
480 1166 703 1238 circumfuso.
754 1165 884 1258 Itaque
909 1167 1025 1236 omnis
1052 1163 1196 1237 flamme
1220 1160 1448 1256 pyrsmidalis

343 1290 400 1353 est
429 1282 503 1354 basi
530 1283 623 1354 circa
648 1281 810 1352 fomitem
837 1280 976 1377 largior,
1003 1282 1135 1352 vertice
1164 1287 1287 1350 autem
1313 1277 1447 1366 (inimi-

343 1407 448 1472 conte
473 1400 564 1480 e'e're,
581 1420 649 1470 uec
674 1398 924 1492 suppeditante
950 1396 1092 1484 fomite)
1109 1395 1257 1468 acutior.
1308 1392 1364 1465 At
1389 1395 1447 1464 fu-

343 1534 423 1585 mus
448 1514 630 1608 angustior
650 1515 745 1584 circa
771 1513 883 1586 busim
909 1513 1132 1586 ascendendo
1149 1511 1331 1595 dilatatur,
1348 1519 1388 1582 et
1403 1510 1446 1581 iit

344 1636 514 1722 tauquam
532 1631 685 1722 pyramis
700 1629 859 1714 inversu
885 1631 969 1723 quia
993 1628 1131 1700 scilicet
1147 1629 1207 1698 siit
1223 1627 1365 1698 furuum
1390 1649 1447 1698 re-

342 1745 443 1838 cipit,
461 1743 640 1818 flammam
663 1743 795 1839 (neque
819 1747 915 1817 euim
939 1745 1115 1839 quispiam
1139 1744 1304 1827 somniet,
1324 1744 1443 1814 adrem

343 1883 421 1934 esse
438 1861 617 1934 flammam
634 1884 828 1948 accensam,
846 1885 928 1934 cum
953 1863 1026 1934 sint
1041 1883 1188 1956 corpora
1212 1860 1318 1954 plane
1344 1859 1447 1932 hete-

343 1978 511 2073 rogeuea)
529 1979 743 2072 comprimit.

394 2092 606 2167 Accumtior
638 2105 760 2167 nutem
789 2099 923 2190 poterit
952 2117 1029 2170 esse
1059 2093 1227 2168 instantio
1257 2091 1372 2166 crucis
1400 2091 1446 2165 ad

344 2209 437 2282 hano
464 2233 538 2282 rem
555 2211 831 2297 accommodata,
850 2214 880 2284 si
902 2235 958 2284 res
978 2213 1070 2284 forte
1095 2210 1313 2282 manifestari
1337 2209 1449 2303 possit

344 2348 409 2418 per
425 2325 583 2400 flammas
599 2326 781 2399 bicolores.
833 2327 1004 2421 Capiatur
1023 2330 1133 2424 igitur
1151 2327 1259 2400 sitnia
1274 2349 1383 2420 porra
1400 2347 1445 2398 ex

343 2441 501 2524 metallo,
518 2450 557 2513 et
579 2441 616 2512 in
633 2465 676 2512 ea
698 2443 829 2537 figatur
852 2466 959 2537 parve
978 2444 1127 2517 candela
1144 2467 1246 2518 cerea
1270 2465 1444 2523 accensu

344 2563 499 2648 ponatur
530 2554 637 2628 situla
668 2557 705 2628 in
736 2567 869 2650 patera,
896 2567 934 2630 et
963 2558 1268 2632 circumfundatur
1301 2557 1445 2652 spiritus

343 2669 416 2740 vini
447 2671 484 2740 in
511 2671 650 2744 modica
676 2676 887 2766 quantitate,
919 2699 1001 2769 quae
1027 2677 1073 2746 ad
1104 2675 1203 2747 labra
1227 2673 1344 2746 situlos
1372 2697 1444 2745 uon

342 2786 517 2880 attingst3
543 2799 620 2858 tum
645 2790 800 2862 accende
827 2791 990 2884 spiritum
1009 2791 1091 2862 vini.
1142 2789 1197 2861 At
1216 2790 1362 2884 spiritus
1384 2787 1445 2860 iile

344 2901 417 2972 vini
440 2901 626 2974 exhibebit
642 2902 823 2978 dammam
841 2907 952 3001 magis
975 2906 1113 2978 scilicet
1133 2905 1333 2987 caudeam,
1349 2903 1447 2998 lych-

342 3037 410 3086 nus
443 3015 600 3089 candelae
633 3027 755 3090 autem
790 3021 903 3115 magis
936 3019 1076 3093 flavam.
1133 3019 1295 3093 Notatur
1323 3018 1445 3112 itaque

341 3141 464 3202 utrum
488 3131 632 3204 flemme
656 3131 774 3227 lychni
802 3135 923 3229 (quam
946 3137 1050 3208 facile
1075 3145 1131 3209 est
1156 3159 1219 3230 per
1244 3135 1399 3206 colorem
1424 3156 1446 3204 a

342 3245 485 3320 flamma
509 3249 653 3342 spiritus
669 3251 740 3322 viui
759 3251 1001 3348 distinguere3
1030 3275 1147 3347 neque
1169 3253 1265 3324 enim
1283 3251 1445 3334 flamme,

341 3372 384 3436 ut
405 3364 569 3458 liquores,
586 3367 709 3437 statim
729 3370 1020 3464 commiscentur)
1043 3379 1184 3440 maneat
1208 3366 1445 3462 pyramidalis,

341 3501 386 3551 au
405 3483 525 3574 potius
544 3484 657 3578 magis
674 3483 800 3556 tendat
815 3485 860 3556 ad
878 3486 1027 3556 formam
1044 3483 1238 3580 globosam,
1256 3505 1338 3554 curn
1356 3481 1444 3554 nihil

341 3595 543 3668 inveniatur
558 3599 652 3692 quod
671 3623 751 3674 euru
768 3601 928 3672 dostruat
951 3609 1015 3672 aut
1031 3603 1252 3696 comprimat.
1303 3597 1359 3668 At
1377 3597 1445 3670 hoo

342 3713 518 3804 posterius
551 3716 580 3786 si
611 3716 683 3800 tint,
714 3739 859 3790 manere
889 3716 1071 3790 flammam
1105 3715 1256 3788 eandem
1285 3737 1446 3799 numero,

342 3828 512 3921 quamdiu
539 3829 634 3902 iutra
660 3831 766 3904 aliem
796 3831 976 3904 dammam
1002 3831 1246 3916 concludatur,
1275 3853 1344 3902 nec
1373 3831 1446 3902 vim

341 3943 521 4015 inimicam
539 3948 629 4017 airis
646 3949 859 4041 experiatur,
877 3972 939 4042 pro
958 3957 1056 4020 certo
1073 3948 1278 4042 ponendum
1295 3959 1361 4019 est.

391 4060 516 4154 Atque
543 4064 590 4133 de
620 4063 798 4136 instantiis
823 4065 936 4136 mucis
962 4066 1038 4138 haec
1065 4066 1160 4137 dicta
1184 4060 1297 4136 sinti‘.
1350 4061 1448 4136 Lon-

376 4227 402 4268 ²⁴
415 4225 586 4300 Cil’lsyiair,
596 4225 779 4300 Eucycl.Brit.
791 4228 845 4283 rol.
853 4227 872 4283 i.
913 4228 1045 4285 branchos
1053 4228 1191 4285 oisuieuoc
1197 4225 1375 4295 'hescote
1383 4245 1446 4282 cru·

340 4305 415 4362 Dias.
432 4305 468 4360 iii.
498 4323 526 4378 p.
538 4303 600 4373 466.
653 4307 716 4363 “lu
739 4307 774 4362 sil
791 4305 869 4362 those
909 4307 1092 4378 ciaimothod)
1102 4315 1199 4366 cannot
1208 4305 1332 4380 easilyhe
1343 4315 1445 4362 recort-
