3078 5180
506 339 596 406 LIB.
617 340 646 405 1.
660 355 714 428 55,
729 343 783 428 5⁶·
1155 345 1199 409 38

95 503 332 590 differentiam
369 501 449 586 clia,
475 504 521 576 ad
551 505 725 578 notandas
754 527 873 576 rerum
902 503 1152 578 similitudines
1162 503 1202 578 ⁷³.

94 619 243 716 Ingenia
271 621 367 692 enim
397 622 597 694 constantia
629 630 668 695 et
701 631 808 692 acuta
840 621 950 716 figere
984 623 1203 716 contempla-

94 739 217 823 tiones,
232 745 272 810 et
288 736 429 822 morari,
442 746 482 808 et
498 737 632 810 herere
649 738 687 808 in
704 737 803 808 omni
821 735 1021 809 subtilitate
1038 736 1202 810 differen-

93 852 223 924 tiarum
249 861 417 949 possunt:
449 854 592 948 ingenia
613 861 736 926 autem
761 852 930 925 sublimia
952 862 991 924 et
1011 852 1203 925 discussius

94 971 201 1040 etiam
223 969 450 1041 tenuissimas
472 977 511 1041 et
534 969 725 1041 catholicae
748 991 866 1041 rerum
890 967 1140 1040 similitudines
1163 979 1202 1042 et

93 1095 291 1180 agnoscunt
316 1095 355 1158 et
379 1095 618 1179 componunt:
649 1095 842 1178 utmmque
867 1094 990 1157 autem
1014 1085 1201 1180 ingenium

94 1200 195 1273 lucile
211 1201 347 1273 labitur
363 1203 399 1272 in
417 1223 613 1286 excessum,
629 1201 827 1295 prensando
844 1211 907 1272 aut
923 1201 1054 1296 gradus
1070 1223 1201 1286 rerum,

92 1328 153 1389 aut
168 1318 328 1390 umbras.

142 1531 388 1627 Reperiuntur
410 1533 554 1628 ingenia
577 1531 646 1604 alia
666 1532 703 1604 in
721 1533 992 1605 admirationem
1009 1533 1201 1626 antiquita-

94 1649 147 1733 tis,
173 1647 244 1721 alia
274 1649 314 1719 in
340 1671 498 1720 amorem
528 1657 566 1718 et
596 1649 802 1743 amplexum
833 1649 1002 1721 novitatis
1031 1645 1201 1737 effusa⁷⁴3

93 1787 204 1858 pauca
220 1788 307 1836 vero
331 1766 407 1859 ejus
431 1766 705 1859 temperamenti
729 1775 822 1850 sunt,
839 1777 882 1838 ut
904 1765 1051 1837 modum
1075 1773 1200 1838 tenere

94 1882 235 1974 possint,
263 1882 352 1974 quin
382 1891 446 1954 aut
474 1905 556 1975 quae
585 1890 684 1954 recte
714 1882 829 1976 posita
858 1883 1016 1954 suntab
1045 1882 1200 1974 antiquis

94 1998 307 2082 convellant,
324 2007 387 2070 aut
410 2022 453 2071 eu
479 2007 710 2072 contemnant
734 2022 816 2092 quae
841 2009 939 2070 reete
961 1997 1201 2069 efferuntura

94 2116 200 2187 ucria
260 2113 346 2186 Hoc
372 2137 456 2186 vero
486 2137 615 2210 magno
646 2115 873 2186 scientiarum
900 2123 939 2186 et
965 2113 1199 2208 philosopbiae

95 2229 310 2304 detrimento
332 2231 382 2316 lit,
400 2253 512 2324 quum
535 2231 654 2303 studio
678 2231 796 2325 potius
821 2230 892 2302 siut
916 2229 1138 2322 antiquitatis
1161 2237 1200 2301 et

94 2347 273 2432 novitatis
291 2371 398 2442 quam
417 2347 572 2442 judicia:
599 2348 731 2420 veritas
755 2357 876 2419 autem
898 2370 969 2419 non
989 2345 1199 2419 afelioitate

127 2585 153 2628 ⁷⁸
169 2587 220 2645 Soe
238 2605 279 2644 on
298 2587 353 2643 this
372 2586 505 2642 Hallnm’e
524 2586 577 2642 lit.
596 2585 628 2642 oi
667 2586 784 2660 Subtilty
808 2585 972 2644 difforcuces.
1012 2586 1062 2642 See
1086 2585 1197 2642 Maccu-

95 2665 157 2722 Eur.
174 2669 228 2724 rol.
242 2666 284 2723 11.
303 2671 365 2738 part
379 2666 417 2722 iii.
436 2665 479 2721 ch.
496 2665 532 2721 rii.
551 2664 624 2737 §76.
665 2667 732 2738 lsy’s
742 2665 827 2737 lissey
837 2683 873 2720 on
883 2665 983 2720 liacon.
1008 2665 1067 2720 The
1079 2666 1198 2720 “know-

94 2743 148 2800 'lbc
164 2745 276 2819 highest
291 2745 381 2800 minda
396 2744 464 2800 bave
480 2744 547 2800 both
562 2745 625 2800 olra-
665 2744 742 2817 lcdge
753 2744 784 2801 oi
794 2743 1012 2800 Difforcnccs”is
1023 2743 1069 2799 tho
1080 2745 1199 2816 peculim

94 2823 257 2880 nctesictics.
306 2821 430 2887 “And”
457 2839 487 2877 ss
517 2821 625 2878 Hallrm
666 2824 741 2879 work
755 2823 786 2878 oi
797 2823 843 2878 the
857 2823 984 2878 Intellect.
1020 2821 1087 2878 This
1099 2823 1123 2877 is
1135 2822 1197 2878 aba·

94 2899 260 2968 uddo,“thc
277 2898 413 2956 inductiva
430 2899 580 2956 methodis
599 2910 626 2955 at
666 2901 759 2957 dowed
782 2903 819 2974 by
842 2901 889 2957 the
908 2901 1146 2958 Gecclccdacimc
1170 2901 1200 2956 ol

94 2993 158 3032 once
171 2977 217 3033 the
231 2978 295 3033 best
308 2977 423 3034 exorciso
438 2977 470 3032 of
483 2976 559 3043 both,
571 2977 624 3032 and
665 2980 712 3036 tho
723 2979 942 3053 bugin-Saxone.

95 3054 137 3111 tlte
154 3056 213 3112 beot
231 3055 376 3128 salcgrrard
394 3055 498 3126 against
516 3054 562 3110 the
579 3073 624 3111 cx·
701 3055 727 3098 ⁷⁴
744 3057 795 3114 See
811 3055 883 3112 Adv.
902 3058 933 3112 ol
950 3057 1092 3128 learning,
1110 3075 1138 3128 p.
1152 3070 1196 3129 47,

95 3133 345 3190 cmscsoleitberJ’
378 3132 478 3199 Bmon,
491 3133 625 3200 beholds,
666 3135 801 3192 andinfra
814 3134 888 3202 1.84.
915 3135 982 3189 'l'bis
995 3134 1198 3190 attachmentto

94 3227 146 3266 ιιιι
155 3229 230 3268 more
241 3210 310 3267 fond
319 3209 351 3266 of
358 3211 551 3266 resemblancec
559 3211 625 3267 than
665 3213 808 3284 particular
819 3211 924 3283 periodo
935 3213 959 3267 is
971 3213 1035 3267 ukin
1044 3212 1126 3266 totbe
1137 3229 1197 3282 pra-

95 3287 255 3346 ditl'crcnces.
295 3289 339 3344 lle
357 3288 443 3346 slrews
462 3289 517 3345 thia
535 3290 563 3346 in
582 3290 625 3346 bis
665 3289 1047 3364 oocupauonotthereelings.
1061 3289 1196 3362 (Cisupr.

95 3366 259 3440 Metapborc.
292 3367 477 3424 ‘'Thisisthe
490 3368 624 3424 caesuitb
667 3367 753 3441 1.49.)
773 3367 863 3422 Tucca
871 3366 1198 3440 wholochutiquityior

95 3463 153 3503 men
172 3449 202 3504 ol
223 3467 241 3504 a
262 3447 395 3520 sangsdne
414 3457 524 3519 temper,
542 3465 625 3504 carm
665 3447 700 3502 its
717 3463 779 3502 own
797 3443 1197 3518 sakemledtoitcitberby

95 3523 178 3597 fancy,
197 3525 253 3582 und
274 3524 390 3582 brilliant
408 3525 483 3579 wit.”
520 3523 554 3580 lu
571 3525 625 3580 lact
665 3522 892 3580 thelecttbat-'

95 3600 193 3658 Genim
228 3601 291 3659 beet
327 3619 384 3656 sees
419 3601 623 3666 resemblances,

446 3710 464 3736 “
476 3705 534 3760 The
546 3715 606 3778 pust
617 3716 691 3761 must
702 3724 763 3761 ever
775 3705 828 3761 win

231 3785 259 3838 Α
271 3783 425 3855 brigbtncss
437 3785 506 3840 from
519 3785 553 3840 itc
565 3783 646 3856 being
657 3785 706 3850 lar,

231 3860 297 3918 And
308 3861 358 3918 orb
369 3863 427 3918 into
438 3861 485 3918 the
497 3862 595 3933 perient
608 3861 671 3918 Stur

231 3941 286 3997 We
297 3958 352 3996 saw
363 3950 411 3997 not
422 3940 500 3996 while
512 3959 551 3997 we
562 3940 659 3998 moved
671 3941 803 3996 therein.”
823 3941 969 4014 Tenuyeon
982 3940 1015 3996 ln
1028 3939 1113 3997 Mem.

94 4065 124 4103 cr
134 4049 168 4123 by
181 4070 199 4107 a
210 4053 318 4109 naurs]
330 4052 441 4108 instinct
453 4051 541 4108 which
556 4053 624 4108 hails
664 4062 740 4108 ment
750 4053 804 4108 and
816 4053 941 4109 stimulus
953 4052 1041 4108 which
1054 4053 1077 4109 ic
1091 4053 1196 4108 natural

95 4127 243 4200 antiquius·
275 4147 305 4186 ιιι
339 4147 370 4185 so
403 4147 483 4202 many
515 4129 624 4186 threcds
665 4141 694 4186 to
706 4149 748 4198 ιιι,
759 4131 812 4188 and
821 4132 907 4188 wbicb
917 4131 1009 4188 within
1017 4131 1124 4188 bounds
1134 4148 1195 4202 pro·

95 4203 179 4260 vbiclr
196 4217 310 4262 connect
327 4225 361 4263 us
379 4207 443 4263 with
461 4225 511 4264 our
522 4210 623 4264 Ancoc·
665 4208 747 4264 ducac
759 4209 841 4266 much
853 4210 934 4282 good,
944 4209 994 4266 but
1002 4209 1129 4272 clicuit
1138 4207 1195 4264 cui·

95 4287 158 4336 cors.
175 4282 235 4339 'l'lre
246 4285 625 4360 absorbinglnvcolNovelty
665 4285 736 4342 iered
756 4292 787 4344 to
805 4288 863 4343 rulo
882 4305 925 4353 us,
943 4291 1017 4343 must
1036 4285 1143 4356 destroy
1160 4285 1196 4340 all

97 4357 118 4411 la
131 4375 146 4414 a
158 4361 241 4418 result
254 4361 285 4418 ol
298 4361 356 4420 that
372 4362 457 4420 desire
470 4364 513 4420 ior
527 4365 623 4422 excite-
664 4365 814 4422 soundness
827 4365 1013 4438 oijudgrncnt.

718 4478 743 4526 D
