3268 5146
339 344 404 414 266
491 348 492 352 ’
670 344 843 411 NOVUM
865 344 1115 412 ORGANUM.

340 535 431 586 mus.
484 511 627 586 Deinde
651 511 790 606 pondus
815 510 958 605 spiritns
980 532 1062 582 curn
1088 509 1207 602 phicln
1222 509 1299 602 ipss
1315 518 1445 584 exsule

340 631 552 704 notavimus.
603 627 734 700 Postea
751 627 902 701 vesicam
921 628 1132 720 occepimus,
1149 649 1228 720 qnae
1244 627 1338 698 circs
1355 627 1444 700 dnus

340 749 457 842 pintus
482 747 692 819 contineret.
745 743 802 814 Ex
829 767 872 814 es
896 752 1016 814 aerem
1043 765 1197 826 omnem,
1223 744 1340 836 quood
1365 744 1444 816 lieri

340 863 467 958 potuit,
494 862 742 955 expressimus,
768 881 812 934 eo
838 881 952 952 usque
979 868 1021 930 nt
1047 860 1172 934 vesicae
1197 858 1304 932 umbo
1331 857 1445 930 lctern

340 987 459 1052 essent
482 977 675 1072 contigno:
703 977 813 1048 etism
840 978 938 1070 prius
960 977 1114 1048 uesicam
1140 976 1220 1048 oleo
1245 973 1445 1048 oblerimns

341 1117 424 1168 cnm
439 1094 624 1168 fricatione
645 1092 729 1178 leni,
745 1115 817 1185 qno
833 1094 952 1166 uesieu
977 1100 1071 1166 esset
1096 1091 1268 1174 eleusium
1293 1092 1381 1184 ejus,
1396 1091 1446 1161 si·

341 1236 411 1306 qun
427 1219 513 1294 eret,
531 1211 724 1304 porositste
741 1208 821 1282 oleo
840 1209 1015 1284 obturate.
1055 1207 1161 1282 Hunc
1178 1209 1332 1280 vesicam
1349 1208 1444 1278 ciros

340 1351 380 1400 os
405 1326 540 1422 phinlae,
557 1349 620 1398 ore
646 1323 771 1419 phinlae
796 1327 891 1398 intre
916 1349 955 1398 os
974 1326 1099 1398 vesicoe
1124 1333 1280 1418 recepto,
1300 1323 1445 1398 fortiter

340 1444 542 1540 ligurinum
559 1442 620 1516 filo
638 1465 761 1536 purum
780 1452 909 1526 ueruto,
926 1453 969 1516 ut
986 1441 1115 1514 melius
1130 1441 1387 1516 sdhaeresceret
1403 1449 1444 1512 st

340 1563 471 1634 notius
487 1560 624 1655 ligaret.
675 1559 767 1630 Tum
787 1559 935 1632 demum
960 1559 1115 1653 phialam
1140 1581 1246 1652 supru
1269 1557 1443 1630 umbones

339 1677 503 1750 ardentes
526 1676 563 1746 in
590 1674 708 1746 ioculo
734 1673 993 1748 collocavimus.
1042 1674 1095 1747 At
1113 1675 1220 1768 psnlo
1237 1683 1318 1768 post
1333 1695 1444 1767 vapor

340 1789 416 1860 sive
431 1811 517 1860 nuru
533 1788 676 1880 spiritns
696 1789 766 1860 vini
784 1811 847 1882 per
863 1789 1015 1862 colorem
1039 1789 1189 1872 dilatati,
1206 1799 1245 1862 et
1267 1791 1305 1860 in
1331 1809 1445 1880 pueu-

340 1904 511 1976 mnticum
530 1905 632 1988 versi,
650 1905 806 1977 vesicam
823 1905 996 1998 peulutim
1012 1903 1177 1990 sufflavit,
1195 1927 1346 1998 eumque
1364 1905 1446 1976 nni·

340 2041 477 2094 versum
495 2017 564 2092 veli
582 2022 693 2094 inetur
709 2021 948 2116 undequaque
967 2024 1141 2096 extendit
1192 2022 1237 2094 Id
1254 2029 1445 2115 postquam

341 2137 475 2210 fuctum
493 2137 574 2219 init,
591 2138 762 2209 continuo
779 2140 910 2210 vitrum
929 2139 975 2210 sb
992 2139 1075 2233 igne
1090 2139 1317 2222 removimus,
1329 2146 1370 2208 et
1385 2159 1443 2210 sn·

339 2275 404 2346 per
416 2259 574 2346 tapetem
591 2253 784 2346 posuimus,
798 2277 844 2327 ne
861 2255 991 2349 frigore
1008 2255 1300 2347 disrumperetur:
1318 2255 1443 2327 statim

341 2391 482 2462 quoque
500 2371 536 2443 in
553 2371 761 2444 summitate
774 2372 899 2444 vesioae
917 2371 1076 2444 foramen
1089 2372 1251 2454 fecimus,
1264 2394 1311 2443 ne
1323 2393 1446 2464 sopor,

341 2494 501 2558 cessante
518 2485 646 2570 cslore,
664 2488 701 2560 in
719 2486 894 2580 liquorem
917 2489 1104 2562 restitutus
1126 2488 1308 2572 resideret,
1325 2496 1366 2560 et
1389 2511 1446 2558 rs-

340 2601 457 2673 tiones
467 2603 711 2676 coufunderet.
728 2603 827 2676 Tum·
836 2627 919 2678 vero
933 2605 1086 2676 vesicam
1097 2607 1210 2699 ipsum
1223 2605 1445 2688 metuimus,

341 2725 380 2790 et
391 2738 512 2788 rursus
528 2717 667 2810 pondus
685 2722 892 2813 excepimus
908 2720 1050 2813 spiritns
1063 2721 1135 2795 vini
1145 2723 1207 2814 qui
1223 2721 1444 2796 remnnebut.

342 2833 432 2906 Inde
461 2842 635 2927 qnantum
668 2847 919 2929 consumptum
953 2837 1077 2908 fnisset
1109 2839 1146 2911 in
1179 2860 1346 2930 uaporem
1380 2861 1445 2912 eeu

340 2951 620 3042 pneumaticum,
637 2953 936 3045 computavimum
953 2960 992 3024 et
1008 2951 1102 3024 factu
1118 2952 1318 3037 collatione,
1332 2977 1446 3046 quun·

341 3077 419 3140 tum
437 3068 556 3140 locum
573 3071 647 3142 sire
666 3071 820 3164 spetlum
838 3070 926 3141 illud
945 3093 1071 3164 corpus
1089 3070 1284 3164 implesset,
1301 3073 1447 3165 quondo

341 3198 435 3260 esset
450 3188 595 3280 spiritus
613 3186 685 3258 vini
703 3188 739 3258 in
757 3186 884 3280 phiale,
903 3197 941 3259 et
958 3210 1076 3260 rursus
1093 3197 1269 3280 qnantum
1287 3191 1445 3281 spatium

341 3303 552 3397 impleverit,
578 3313 766 3396 postquem
795 3303 928 3376 fnctnm
957 3304 1082 3376 fnisset
1110 3306 1380 3396 pneumaticum
1407 3307 1446 3378 in

341 3422 467 3504 venien,
493 3421 647 3492 rutionee
671 3420 927 3494 subduximus:
960 3421 1161 3514 exquibus
1187 3423 1377 3496 manifeste
1402 3422 1446 3494 li·

341 3536 484 3630 queunt,
501 3558 629 3629 corpus
654 3536 750 3610 istud
776 3539 828 3608 itu
850 3559 990 3608 versum
1007 3545 1045 3606 et
1061 3543 1243 3610 mulctum
1260 3539 1448 3632 expensio-

340 3674 425 3724 nem
450 3651 619 3744 centnplo
643 3653 824 3745 mqjorem,
842 3675 950 3745 quum
975 3661 1082 3726 aulen
1106 3653 1299 3738 lmbnimet,
1325 3655 1449 3748 scqui-

341 3788 473 3840 srmsse.

392 3880 566 3952 Similiter
588 3882 636 3954 sit
660 3893 789 3956 netum
815 3887 995 3978 inquisito,
1014 3883 1110 3956 color
1126 3893 1192 3956 cut
1214 3883 1347 3980 frigus3
1372 3887 1449 3980 ejus

341 4019 471 4089 nempe
487 3997 627 4091 gradus,
644 4007 686 4070 ut
703 4021 724 4070 n
740 4022 845 4074 sensu
862 4025 935 4073 non
960 4001 1203 4094 percipiuntur
1217 4000 1265 4072 ob
1282 4000 1449 4074 debilitu-

343 4124 428 4188 tem.
482 4111 570 4185 Haeo
595 4114 824 4188 deducuntur
844 4117 889 4188 sd
916 4137 1058 4190 sensum
1083 4137 1149 4207 per
1172 4117 1307 4190 vitrum
1330 4117 1449 4190 oulen·

341 4231 438 4310 dure,
450 4229 555 4324 qnele
572 4234 733 4324 superius
750 4233 1006 4328 descripsimus.
1034 4231 1139 4304 Color
1152 4235 1252 4306 enim
1268 4244 1308 4306 et
1324 4233 1448 4330 frigus,

343 4347 419 4442 ipss
442 4369 513 4420 nou
539 4347 782 4442 percipiuntur
804 4349 850 4422 nd
875 4358 1033 4422 tectum:
1059 4355 1098 4420 ct
1122 4349 1222 4425 cslor
1244 4353 1362 4424 nerem
1385 4373 1449 4424 ex·
