<?xml version="1.0" encoding="UTF-8"?>
<!DOCTYPE html PUBLIC "-//W3C//DTD XHTML 1.0 Transitional//EN"
    "http://www.w3.org/TR/xhtml1/DTD/xhtml1-transitional.dtd">
<html xmlns="http://www.w3.org/1999/xhtml" xml:lang="en" lang="en">
 <head>
  <title>
</title>
<meta http-equiv="Content-Type" content="text/html;charset=utf-8" />
  <meta name='ocr-system' content='tesseract 3.04.00' />
  <meta name='ocr-capabilities' content='ocr_page ocr_carea ocr_par ocr_line ocrx_word'/>
</head>
<body>
  <div class='ocr_page' id='page_1' title='image "./franciscibaconi01kitcgoog_0216.png"; bbox 0 0 3268 5146; ppageno 0'>
   <div class='ocr_carea' id='block_1_1' title="bbox 681 348 1346 419">
    <p class='ocr_par' dir='ltr' id='par_1_1' title="bbox 681 348 1346 419">
     <span class='ocr_line' id='line_1_1' title="bbox 681 348 1346 419; baseline 0.008 -7"><span class='ocrx_word' id='word_1_1' title='bbox 681 349 770 413; x_wconf 79' lang='lat' dir='ltr'><strong>LIB.</strong></span> <span class='ocrx_word' id='word_1_2' title='bbox 794 348 841 412; x_wconf 93' lang='lat' dir='ltr'>II.</span> <span class='ocrx_word' id='word_1_3' title='bbox 863 350 912 413; x_wconf 81' lang='lat'>18.</span> <span class='ocrx_word' id='word_1_4' title='bbox 1283 353 1346 419; x_wconf 74' lang='lat'>187</span> 
     </span>
    </p>
   </div>
   <div class='ocr_carea' id='block_1_2' title="bbox 248 512 1354 4058">
    <p class='ocr_par' dir='ltr' id='par_1_2' title="bbox 327 512 1347 818">
     <span class='ocr_line' id='line_1_2' title="bbox 328 512 1345 606; baseline 0.001 -22"><span class='ocrx_word' id='word_1_5' title='bbox 328 535 392 606; x_wconf 86' lang='lat' dir='ltr'>per</span> <span class='ocrx_word' id='word_1_6' title='bbox 407 512 562 596; x_wconf 86' lang='lat' dir='ltr'>metalla,</span> <span class='ocrx_word' id='word_1_7' title='bbox 580 521 618 583; x_wconf 89' lang='lat' dir='ltr'>et</span> <span class='ocrx_word' id='word_1_8' title='bbox 640 513 711 584; x_wconf 89' lang='lat' dir='ltr'>aliu</span> <span class='ocrx_word' id='word_1_9' title='bbox 733 512 846 586; x_wconf 90' lang='lat' dir='ltr'>solida</span> <span class='ocrx_word' id='word_1_10' title='bbox 862 512 1043 595; x_wconf 73' lang='lat' dir='ltr'>cnecon,</span> <span class='ocrx_word' id='word_1_11' title='bbox 1061 513 1123 583; x_wconf 87' lang='lat' dir='ltr'>sed</span> <span class='ocrx_word' id='word_1_12' title='bbox 1141 535 1213 583; x_wconf 91' lang='lat' dir='ltr'>non</span> <span class='ocrx_word' id='word_1_13' title='bbox 1231 535 1345 605; x_wconf 89' lang='lat' dir='ltr'>usque</span> 
     </span>
     <span class='ocr_line' id='line_1_3' title="bbox 328 629 1347 724; baseline 0 -24"><span class='ocrx_word' id='word_1_14' title='bbox 328 629 372 700; x_wconf 89' lang='lat' dir='ltr'>ad</span> <span class='ocrx_word' id='word_1_15' title='bbox 400 630 612 724; x_wconf 79' lang='lat' dir='ltr'>ignitionem</span> <span class='ocrx_word' id='word_1_16' title='bbox 640 631 715 701; x_wconf 84' lang='lat' dir='ltr'>sive</span> <span class='ocrx_word' id='word_1_17' title='bbox 741 630 929 716; x_wconf 84' lang='lat' dir='ltr'>ruborem3</span> <span class='ocrx_word' id='word_1_18' title='bbox 954 629 1058 721; x_wconf 59' lang='lat' dir='ltr'>ccicc</span> <span class='ocrx_word' id='word_1_19' title='bbox 1082 629 1200 702; x_wconf 89' lang='lat' dir='ltr'>lucem</span> <span class='ocrx_word' id='word_1_20' title='bbox 1228 639 1265 700; x_wconf 90' lang='lat' dir='ltr'>et</span> <span class='ocrx_word' id='word_1_21' title='bbox 1292 630 1347 700; x_wconf 93' lang='lat' dir='ltr'>lu·</span> 
     </span>
     <span class='ocr_line' id='line_1_4' title="bbox 327 743 463 818; baseline -0.015 0"><span class='ocrx_word' id='word_1_22' title='bbox 327 767 411 818; x_wconf 86' lang='lat' dir='ltr'>men</span> <span class='ocrx_word' id='word_1_23' title='bbox 422 743 463 816; x_wconf 86' lang='lat'>²¹.</span> 
     </span>
    </p>

    <p class='ocr_par' dir='ltr' id='par_1_3' title="bbox 267 859 1346 1071">
     <span class='ocr_line' id='line_1_5' title="bbox 267 859 1346 955; baseline -0.001 -23"><span class='ocrx_word' id='word_1_24' title='bbox 267 859 301 933; x_wconf 87' lang='grc'>6.</span> <span class='ocrx_word' id='word_1_25' title='bbox 328 860 400 934; x_wconf 88' lang='lat' dir='ltr'>Per</span> <span class='ocrx_word' id='word_1_26' title='bbox 427 863 545 934; x_wconf 91' lang='lat' dir='ltr'>radios</span> <span class='ocrx_word' id='word_1_27' title='bbox 574 861 675 946; x_wconf 86' lang='lat' dir='ltr'>lunae,</span> <span class='ocrx_word' id='word_1_28' title='bbox 706 870 746 933; x_wconf 89' lang='lat' dir='ltr'>et</span> <span class='ocrx_word' id='word_1_29' title='bbox 774 859 924 932; x_wconf 89' lang='lat' dir='ltr'>aliarum</span> <span class='ocrx_word' id='word_1_30' title='bbox 954 860 1149 944; x_wconf 86' lang='lat' dir='ltr'>stellarum,</span> <span class='ocrx_word' id='word_1_31' title='bbox 1179 861 1346 955; x_wconf 84' lang='lat' dir='ltr'>(excepto</span> 
     </span>
     <span class='ocr_line' id='line_1_6' title="bbox 328 975 1005 1071; baseline 0.001 -23"><span class='ocrx_word' id='word_1_32' title='bbox 328 975 416 1068; x_wconf 87' lang='lat' dir='ltr'>solo)</span> <span class='ocrx_word' id='word_1_33' title='bbox 433 977 536 1071; x_wconf 69' lang='lat' dir='ltr'>rejice</span> <span class='ocrx_word' id='word_1_34' title='bbox 553 979 662 1051; x_wconf 87' lang='lat' dir='ltr'>ctiam</span> <span class='ocrx_word' id='word_1_35' title='bbox 681 977 799 1048; x_wconf 87' lang='lat' dir='ltr'>lucem</span> <span class='ocrx_word' id='word_1_36' title='bbox 816 987 856 1048; x_wconf 93' lang='lat' dir='ltr'>et</span> <span class='ocrx_word' id='word_1_37' title='bbox 873 977 1005 1050; x_wconf 91' lang='lat' dir='ltr'>lumen.</span> 
     </span>
    </p>

    <p class='ocr_par' dir='ltr' id='par_1_4' title="bbox 267 1091 1348 1536">
     <span class='ocr_line' id='line_1_7' title="bbox 267 1091 1346 1190; baseline 0.003 -28"><span class='ocrx_word' id='word_1_38' title='bbox 267 1097 301 1171; x_wconf 88' lang='grc'>7.</span> <span class='ocrx_word' id='word_1_39' title='bbox 328 1091 399 1164; x_wconf 87' lang='lat' dir='ltr'>Per</span> <span class='ocrx_word' id='word_1_40' title='bbox 424 1095 696 1190; x_wconf 79' lang='lat' dir='ltr'>comparativam</span> <span class='ocrx_word' id='word_1_41' title='bbox 719 1094 802 1164; x_wconf 82' lang='lat' dir='ltr'>ferri</span> <span class='ocrx_word' id='word_1_42' title='bbox 828 1094 944 1188; x_wconf 74' lang='lat' dir='ltr'>igniti,</span> <span class='ocrx_word' id='word_1_43' title='bbox 963 1102 1001 1164; x_wconf 87' lang='lat' dir='ltr'>et</span> <span class='ocrx_word' id='word_1_44' title='bbox 1026 1093 1178 1166; x_wconf 75' lang='lat' dir='ltr'>damma</span> <span class='ocrx_word' id='word_1_45' title='bbox 1201 1096 1346 1187; x_wconf 87' lang='lat' dir='ltr'>spiritus</span> 
     </span>
     <span class='ocr_line' id='line_1_8' title="bbox 330 1209 1346 1304; baseline 0.002 -26"><span class='ocrx_word' id='word_1_46' title='bbox 330 1209 414 1292; x_wconf 79' lang='lat' dir='ltr'>vini,</span> <span class='ocrx_word' id='word_1_47' title='bbox 433 1209 495 1298; x_wconf 87' lang='lat' dir='ltr'>(ex</span> <span class='ocrx_word' id='word_1_48' title='bbox 521 1211 650 1304; x_wconf 89' lang='lat' dir='ltr'>quibus</span> <span class='ocrx_word' id='word_1_49' title='bbox 674 1209 806 1280; x_wconf 86' lang='lat' dir='ltr'>lerrum</span> <span class='ocrx_word' id='word_1_50' title='bbox 829 1211 983 1304; x_wconf 81' lang='lat' dir='ltr'>ignitum</span> <span class='ocrx_word' id='word_1_51' title='bbox 1006 1209 1087 1302; x_wconf 90' lang='lat' dir='ltr'>plus</span> <span class='ocrx_word' id='word_1_52' title='bbox 1109 1211 1218 1282; x_wconf 86' lang='lat' dir='ltr'>habet</span> <span class='ocrx_word' id='word_1_53' title='bbox 1241 1211 1346 1282; x_wconf 85' lang='lat' dir='ltr'>calidi</span> 
     </span>
     <span class='ocr_line' id='line_1_9' title="bbox 330 1323 1348 1419; baseline 0.001 -25"><span class='ocrx_word' id='word_1_54' title='bbox 330 1331 369 1394; x_wconf 91' lang='lat' dir='ltr'>et</span> <span class='ocrx_word' id='word_1_55' title='bbox 393 1326 511 1396; x_wconf 86' lang='lat' dir='ltr'>minus</span> <span class='ocrx_word' id='word_1_56' title='bbox 536 1323 656 1407; x_wconf 86' lang='lat' dir='ltr'>lucidi,</span> <span class='ocrx_word' id='word_1_57' title='bbox 679 1323 824 1394; x_wconf 84' lang='lat' dir='ltr'>damma</span> <span class='ocrx_word' id='word_1_58' title='bbox 849 1332 973 1395; x_wconf 85' lang='lat' dir='ltr'>autem</span> <span class='ocrx_word' id='word_1_59' title='bbox 999 1325 1144 1419; x_wconf 89' lang='lat' dir='ltr'>spiritus</span> <span class='ocrx_word' id='word_1_60' title='bbox 1167 1327 1239 1396; x_wconf 89' lang='lat' dir='ltr'>vini</span> <span class='ocrx_word' id='word_1_61' title='bbox 1267 1324 1348 1419; x_wconf 88' lang='lat' dir='ltr'>plus</span> 
     </span>
     <span class='ocr_line' id='line_1_10' title="bbox 330 1439 1347 1536; baseline 0.003 -26"><span class='ocrx_word' id='word_1_62' title='bbox 330 1439 439 1513; x_wconf 85' lang='lat' dir='ltr'>lucidi</span> <span class='ocrx_word' id='word_1_63' title='bbox 458 1451 496 1514; x_wconf 88' lang='lat' dir='ltr'>et</span> <span class='ocrx_word' id='word_1_64' title='bbox 513 1443 632 1513; x_wconf 92' lang='lat' dir='ltr'>minus</span> <span class='ocrx_word' id='word_1_65' title='bbox 648 1442 768 1536; x_wconf 90' lang='lat' dir='ltr'>calidi)</span> <span class='ocrx_word' id='word_1_66' title='bbox 780 1441 886 1534; x_wconf 73' lang='lat' dir='ltr'>aujicc</span> <span class='ocrx_word' id='word_1_67' title='bbox 897 1443 1006 1514; x_wconf 89' lang='lat' dir='ltr'>etiam</span> <span class='ocrx_word' id='word_1_68' title='bbox 1024 1442 1142 1514; x_wconf 89' lang='lat' dir='ltr'>lucem</span> <span class='ocrx_word' id='word_1_69' title='bbox 1159 1453 1197 1520; x_wconf 89' lang='lat' dir='ltr'>ct</span> <span class='ocrx_word' id='word_1_70' title='bbox 1214 1441 1347 1515; x_wconf 91' lang='lat' dir='ltr'>lumen.</span> 
     </span>
    </p>

    <p class='ocr_par' dir='ltr' id='par_1_5' title="bbox 269 1554 1348 1858">
     <span class='ocr_line' id='line_1_11' title="bbox 269 1554 1347 1652; baseline 0.004 -28"><span class='ocrx_word' id='word_1_71' title='bbox 269 1559 304 1627; x_wconf 91' lang='lat'>8.</span> <span class='ocrx_word' id='word_1_72' title='bbox 330 1554 402 1626; x_wconf 90' lang='lat' dir='ltr'>Per</span> <span class='ocrx_word' id='word_1_73' title='bbox 425 1579 553 1628; x_wconf 87' lang='lat' dir='ltr'>aurum</span> <span class='ocrx_word' id='word_1_74' title='bbox 578 1567 617 1630; x_wconf 90' lang='lat' dir='ltr'>et</span> <span class='ocrx_word' id='word_1_75' title='bbox 642 1556 711 1630; x_wconf 86' lang='lat' dir='ltr'>alia</span> <span class='ocrx_word' id='word_1_76' title='bbox 736 1557 883 1629; x_wconf 86' lang='lat' dir='ltr'>metalla</span> <span class='ocrx_word' id='word_1_77' title='bbox 906 1559 1031 1652; x_wconf 81' lang='lat' dir='ltr'>ignita,</span> <span class='ocrx_word' id='word_1_78' title='bbox 1049 1582 1126 1651; x_wconf 84' lang='lat' dir='ltr'>quae</span> <span class='ocrx_word' id='word_1_79' title='bbox 1149 1560 1347 1630; x_wconf 85' lang='lat' dir='ltr'>densissimi</span> 
     </span>
     <span class='ocr_line' id='line_1_12' title="bbox 329 1672 1348 1768; baseline 0.003 -26"><span class='ocrx_word' id='word_1_80' title='bbox 329 1679 414 1742; x_wconf 87' lang='lat' dir='ltr'>sunt</span> <span class='ocrx_word' id='word_1_81' title='bbox 443 1673 599 1768; x_wconf 88' lang='lat' dir='ltr'>corporis</span> <span class='ocrx_word' id='word_1_82' title='bbox 628 1674 825 1744; x_wconf 86' lang='lat' dir='ltr'>secundum</span> <span class='ocrx_word' id='word_1_83' title='bbox 855 1672 1032 1759; x_wconf 69' lang='lat' dir='ltr'>totnm²²;</span> <span class='ocrx_word' id='word_1_84' title='bbox 1057 1674 1161 1767; x_wconf 81' lang='lat' dir='ltr'>rejice</span> <span class='ocrx_word' id='word_1_85' title='bbox 1189 1676 1348 1747; x_wconf 87' lang='lat' dir='ltr'>tenuita-</span> 
     </span>
     <span class='ocr_line' id='line_1_13' title="bbox 332 1796 419 1858; baseline 0 0"><span class='ocrx_word' id='word_1_86' title='bbox 332 1796 419 1858; x_wconf 88' lang='lat' dir='ltr'>tem.</span> 
     </span>
    </p>

    <p class='ocr_par' dir='ltr' id='par_1_6' title="bbox 269 1901 1350 2114">
     <span class='ocr_line' id='line_1_14' title="bbox 269 1901 1350 1999; baseline 0.001 -26"><span class='ocrx_word' id='word_1_87' title='bbox 269 1909 304 1982; x_wconf 89' lang='grc'>9.</span> <span class='ocrx_word' id='word_1_88' title='bbox 331 1901 403 1974; x_wconf 87' lang='lat' dir='ltr'>Per</span> <span class='ocrx_word' id='word_1_89' title='bbox 418 1905 547 1989; x_wconf 85' lang='lat' dir='ltr'>a‘e‘rcm,</span> <span class='ocrx_word' id='word_1_90' title='bbox 565 1905 627 1997; x_wconf 90' lang='lat' dir='ltr'>qni</span> <span class='ocrx_word' id='word_1_91' title='bbox 650 1905 832 1976; x_wconf 86' lang='lat' dir='ltr'>invenitur</span> <span class='ocrx_word' id='word_1_92' title='bbox 855 1913 898 1974; x_wconf 91' lang='lat' dir='ltr'>ut</span> <span class='ocrx_word' id='word_1_93' title='bbox 920 1905 1115 1998; x_wconf 90' lang='lat' dir='ltr'>plurimum</span> <span class='ocrx_word' id='word_1_94' title='bbox 1132 1905 1293 1999; x_wconf 82' lang='lat' dir='ltr'>frigidus,</span> <span class='ocrx_word' id='word_1_95' title='bbox 1311 1912 1350 1974; x_wconf 88' lang='lat' dir='ltr'>et</span> 
     </span>
     <span class='ocr_line' id='line_1_15' title="bbox 331 2019 1243 2114; baseline 0.002 -24"><span class='ocrx_word' id='word_1_96' title='bbox 331 2027 451 2090; x_wconf 89' lang='lat' dir='ltr'>tamen</span> <span class='ocrx_word' id='word_1_97' title='bbox 468 2029 591 2091; x_wconf 86' lang='lat' dir='ltr'>manet</span> <span class='ocrx_word' id='word_1_98' title='bbox 607 2022 745 2104; x_wconf 81' lang='lat' dir='ltr'>tenuis3</span> <span class='ocrx_word' id='word_1_99' title='bbox 771 2019 874 2114; x_wconf 65' lang='lat' dir='ltr'>rejice</span> <span class='ocrx_word' id='word_1_100' title='bbox 890 2022 999 2093; x_wconf 89' lang='lat' dir='ltr'>etiam</span> <span class='ocrx_word' id='word_1_101' title='bbox 1017 2021 1243 2092; x_wconf 80' lang='lat' dir='ltr'>tenuitatem.</span> 
     </span>
    </p>

    <p class='ocr_par' dir='ltr' id='par_1_7' title="bbox 248 2133 1349 2556">
     <span class='ocr_line' id='line_1_16' title="bbox 248 2133 1348 2231; baseline 0.003 -26"><span class='ocrx_word' id='word_1_102' title='bbox 248 2139 306 2205; x_wconf 91' lang='lat'>10.</span> <span class='ocrx_word' id='word_1_103' title='bbox 333 2134 404 2208; x_wconf 85' lang='lat' dir='ltr'>Per</span> <span class='ocrx_word' id='word_1_104' title='bbox 426 2137 557 2208; x_wconf 86' lang='lat' dir='ltr'>ferrum</span> <span class='ocrx_word' id='word_1_105' title='bbox 583 2137 750 2231; x_wconf 82' lang='lat' dir='ltr'>ignitum,</span> <span class='ocrx_word' id='word_1_106' title='bbox 768 2139 864 2229; x_wconf 91' lang='lat' dir='ltr'>quod</span> <span class='ocrx_word' id='word_1_107' title='bbox 884 2160 957 2208; x_wconf 92' lang='lat' dir='ltr'>non</span> <span class='ocrx_word' id='word_1_108' title='bbox 980 2138 1187 2208; x_wconf 75' lang='lat' dir='ltr'>intumescit</span> <span class='ocrx_word' id='word_1_109' title='bbox 1203 2133 1348 2218; x_wconf 46' lang='lat' dir='ltr'>moles,</span> 
     </span>
     <span class='ocr_line' id='line_1_17' title="bbox 332 2252 1349 2339; baseline -0.001 -15"><span class='ocrx_word' id='word_1_110' title='bbox 332 2252 394 2324; x_wconf 88' lang='lat' dir='ltr'>sed</span> <span class='ocrx_word' id='word_1_111' title='bbox 421 2263 545 2323; x_wconf 90' lang='lat' dir='ltr'>manet</span> <span class='ocrx_word' id='word_1_112' title='bbox 570 2254 664 2324; x_wconf 84' lang='lat' dir='ltr'>intra</span> <span class='ocrx_word' id='word_1_113' title='bbox 689 2253 840 2325; x_wconf 87' lang='lat' dir='ltr'>eandem</span> <span class='ocrx_word' id='word_1_114' title='bbox 867 2254 1126 2324; x_wconf 86' lang='lat' dir='ltr'>dimensionem</span> <span class='ocrx_word' id='word_1_115' title='bbox 1151 2253 1349 2339; x_wconf 81' lang='lat' dir='ltr'>visibilem3</span> 
     </span>
     <span class='ocr_line' id='line_1_18' title="bbox 332 2367 1349 2464; baseline -0.001 -25"><span class='ocrx_word' id='word_1_116' title='bbox 332 2369 438 2462; x_wconf 53' lang='lat' dir='ltr'>affice</span> <span class='ocrx_word' id='word_1_117' title='bbox 453 2379 593 2441; x_wconf 89' lang='lat' dir='ltr'>motum</span> <span class='ocrx_word' id='word_1_118' title='bbox 615 2367 777 2452; x_wconf 78' lang='lat' dir='ltr'>localem,</span> <span class='ocrx_word' id='word_1_119' title='bbox 801 2377 865 2441; x_wconf 88' lang='lat' dir='ltr'>aut</span> <span class='ocrx_word' id='word_1_120' title='bbox 890 2369 1132 2464; x_wconf 86' lang='lat' dir='ltr'>expansivum,</span> <span class='ocrx_word' id='word_1_121' title='bbox 1152 2370 1349 2440; x_wconf 86' lang='lat' dir='ltr'>secundum</span> 
     </span>
     <span class='ocr_line' id='line_1_19' title="bbox 335 2493 465 2556; baseline 0.023 -3"><span class='ocrx_word' id='word_1_122' title='bbox 335 2493 465 2556; x_wconf 91' lang='lat' dir='ltr'>totum.</span> 
     </span>
    </p>

    <p class='ocr_par' dir='ltr' id='par_1_8' title="bbox 248 2597 1352 3136">
     <span class='ocr_line' id='line_1_20' title="bbox 248 2597 1352 2674; baseline -0.002 -4"><span class='ocrx_word' id='word_1_123' title='bbox 248 2603 307 2670; x_wconf 89' lang='lat'>11.</span> <span class='ocrx_word' id='word_1_124' title='bbox 334 2598 406 2672; x_wconf 86' lang='lat' dir='ltr'>Per</span> <span class='ocrx_word' id='word_1_125' title='bbox 421 2600 670 2674; x_wconf 75' lang='lat' dir='ltr'>dilatationem</span> <span class='ocrx_word' id='word_1_126' title='bbox 686 2603 776 2673; x_wconf 72' lang='lat' dir='ltr'>adris</span> <span class='ocrx_word' id='word_1_127' title='bbox 792 2603 829 2672; x_wconf 90' lang='lat' dir='ltr'>in</span> <span class='ocrx_word' id='word_1_128' title='bbox 845 2603 942 2674; x_wconf 85' lang='lat' dir='ltr'>vitris</span> <span class='ocrx_word' id='word_1_129' title='bbox 959 2601 1167 2673; x_wconf 78' lang='lat' dir='ltr'>calendariis</span> <span class='ocrx_word' id='word_1_130' title='bbox 1180 2609 1218 2673; x_wconf 88' lang='lat' dir='ltr'>et</span> <span class='ocrx_word' id='word_1_131' title='bbox 1228 2597 1352 2670; x_wconf 89' lang='lat' dir='ltr'>simili-</span> 
     </span>
     <span class='ocr_line' id='line_1_21' title="bbox 335 2716 1350 2813; baseline -0.002 -27"><span class='ocrx_word' id='word_1_132' title='bbox 335 2716 410 2800; x_wconf 85' lang='lat' dir='ltr'>bus,</span> <span class='ocrx_word' id='word_1_133' title='bbox 428 2718 488 2810; x_wconf 91' lang='lat' dir='ltr'>qui</span> <span class='ocrx_word' id='word_1_134' title='bbox 505 2725 671 2789; x_wconf 86' lang='lat' dir='ltr'>movetur</span> <span class='ocrx_word' id='word_1_135' title='bbox 687 2717 850 2790; x_wconf 84' lang='lat' dir='ltr'>localiter</span> <span class='ocrx_word' id='word_1_136' title='bbox 873 2727 911 2790; x_wconf 89' lang='lat' dir='ltr'>et</span> <span class='ocrx_word' id='word_1_137' title='bbox 935 2719 1126 2813; x_wconf 87' lang='lat' dir='ltr'>expansive</span> <span class='ocrx_word' id='word_1_138' title='bbox 1150 2717 1350 2797; x_wconf 89' lang='lat' dir='ltr'>manifesto,</span> 
     </span>
     <span class='ocr_line' id='line_1_22' title="bbox 333 2829 1352 2928; baseline -0.001 -28"><span class='ocrx_word' id='word_1_139' title='bbox 333 2853 451 2923; x_wconf 87' lang='lat' dir='ltr'>nequa</span> <span class='ocrx_word' id='word_1_140' title='bbox 468 2841 589 2904; x_wconf 88' lang='lat' dir='ltr'>tamen</span> <span class='ocrx_word' id='word_1_141' title='bbox 608 2833 744 2928; x_wconf 86' lang='lat' dir='ltr'>colligit</span> <span class='ocrx_word' id='word_1_142' title='bbox 761 2835 990 2906; x_wconf 85' lang='lat' dir='ltr'>manifestum</span> <span class='ocrx_word' id='word_1_143' title='bbox 1008 2841 1240 2927; x_wconf 82' lang='lat' dir='ltr'>augmentum</span> <span class='ocrx_word' id='word_1_144' title='bbox 1258 2829 1352 2900; x_wconf 89' lang='lat' dir='ltr'>calo-</span> 
     </span>
     <span class='ocr_line' id='line_1_23' title="bbox 334 2947 1350 3040; baseline -0.002 -24"><span class='ocrx_word' id='word_1_145' title='bbox 334 2947 402 3030; x_wconf 87' lang='lat' dir='ltr'>1is;</span> <span class='ocrx_word' id='word_1_146' title='bbox 427 2947 531 3040; x_wconf 78' lang='lat' dir='ltr'>rejice</span> <span class='ocrx_word' id='word_1_147' title='bbox 553 2950 663 3020; x_wconf 89' lang='lat' dir='ltr'>etiam</span> <span class='ocrx_word' id='word_1_148' title='bbox 688 2959 829 3020; x_wconf 89' lang='lat' dir='ltr'>motum</span> <span class='ocrx_word' id='word_1_149' title='bbox 854 2949 1016 3034; x_wconf 85' lang='lat' dir='ltr'>localem,</span> <span class='ocrx_word' id='word_1_150' title='bbox 1036 2957 1097 3020; x_wconf 90' lang='lat' dir='ltr'>aut</span> <span class='ocrx_word' id='word_1_151' title='bbox 1118 2947 1350 3039; x_wconf 83' lang='lat' dir='ltr'>expansivum</span> 
     </span>
     <span class='ocr_line' id='line_1_24' title="bbox 334 3064 675 3136; baseline 0.003 -2"><span class='ocrx_word' id='word_1_152' title='bbox 334 3064 530 3134; x_wconf 83' lang='lat' dir='ltr'>secundum</span> <span class='ocrx_word' id='word_1_153' title='bbox 547 3072 675 3136; x_wconf 88' lang='lat' dir='ltr'>totum.</span> 
     </span>
    </p>

    <p class='ocr_par' dir='ltr' id='par_1_9' title="bbox 250 3177 1354 3622">
     <span class='ocr_line' id='line_1_25' title="bbox 250 3177 1352 3276; baseline 0.001 -29"><span class='ocrx_word' id='word_1_154' title='bbox 250 3179 308 3248; x_wconf 76' lang='lat'>12.</span> <span class='ocrx_word' id='word_1_155' title='bbox 335 3177 406 3249; x_wconf 88' lang='lat' dir='ltr'>Per</span> <span class='ocrx_word' id='word_1_156' title='bbox 422 3179 564 3252; x_wconf 84' lang='lat' dir='ltr'>facilem</span> <span class='ocrx_word' id='word_1_157' title='bbox 581 3181 858 3276; x_wconf 86' lang='lat' dir='ltr'>tepefactionem</span> <span class='ocrx_word' id='word_1_158' title='bbox 876 3181 1037 3252; x_wconf 90' lang='lat' dir='ltr'>omnium</span> <span class='ocrx_word' id='word_1_159' title='bbox 1054 3199 1253 3272; x_wconf 87' lang='lat' dir='ltr'>corporum,</span> <span class='ocrx_word' id='word_1_160' title='bbox 1271 3178 1352 3248; x_wconf 88' lang='lat' dir='ltr'>abs·</span> 
     </span>
     <span class='ocr_line' id='line_1_26' title="bbox 335 3291 1352 3388; baseline -0.004 -23"><span class='ocrx_word' id='word_1_161' title='bbox 335 3317 405 3386; x_wconf 88' lang='lat' dir='ltr'>quc</span> <span class='ocrx_word' id='word_1_162' title='bbox 434 3295 554 3388; x_wconf 89' lang='lat' dir='ltr'>aliqua</span> <span class='ocrx_word' id='word_1_163' title='bbox 579 3297 822 3368; x_wconf 82' lang='lat' dir='ltr'>destmctione</span> <span class='ocrx_word' id='word_1_164' title='bbox 851 3307 914 3368; x_wconf 92' lang='lat' dir='ltr'>aut</span> <span class='ocrx_word' id='word_1_165' title='bbox 944 3295 1155 3368; x_wconf 85' lang='lat' dir='ltr'>alterations</span> <span class='ocrx_word' id='word_1_166' title='bbox 1181 3291 1352 3375; x_wconf 83' lang='lat' dir='ltr'>notabili3</span> 
     </span>
     <span class='ocr_line' id='line_1_27' title="bbox 335 3408 1354 3502; baseline -0.001 -23"><span class='ocrx_word' id='word_1_167' title='bbox 335 3409 439 3502; x_wconf 74' lang='lat' dir='ltr'>refice</span> <span class='ocrx_word' id='word_1_168' title='bbox 462 3420 627 3483; x_wconf 85' lang='lat' dir='ltr'>naturam</span> <span class='ocrx_word' id='word_1_169' title='bbox 656 3413 923 3497; x_wconf 85' lang='lat' dir='ltr'>destructivam,</span> <span class='ocrx_word' id='word_1_170' title='bbox 948 3419 1012 3482; x_wconf 87' lang='lat' dir='ltr'>aut</span> <span class='ocrx_word' id='word_1_171' title='bbox 1037 3409 1252 3480; x_wconf 87' lang='lat' dir='ltr'>inditionem</span> <span class='ocrx_word' id='word_1_172' title='bbox 1279 3408 1354 3478; x_wconf 85' lang='lat' dir='ltr'>vio·</span> 
     </span>
     <span class='ocr_line' id='line_1_28' title="bbox 321 3525 916 3622; baseline 0.007 -27"><span class='ocrx_word' id='word_1_173' title='bbox 321 3525 471 3597; x_wconf 82' lang='lat' dir='ltr'>lentam</span> <span class='ocrx_word' id='word_1_174' title='bbox 488 3526 637 3622; x_wconf 84' lang='lat' dir='ltr'>alicujus</span> <span class='ocrx_word' id='word_1_175' title='bbox 654 3537 788 3599; x_wconf 82' lang='lat' dir='ltr'>naturae</span> <span class='ocrx_word' id='word_1_176' title='bbox 805 3552 916 3599; x_wconf 82' lang='lat' dir='ltr'>novae.</span> 
     </span>
    </p>

    <p class='ocr_par' dir='ltr' id='par_1_10' title="bbox 251 3638 1352 4058">
     <span class='ocr_line' id='line_1_29' title="bbox 251 3638 1351 3735; baseline 0.001 -26"><span class='ocrx_word' id='word_1_177' title='bbox 251 3643 309 3726; x_wconf 65' lang='lat'>13.</span> <span class='ocrx_word' id='word_1_178' title='bbox 337 3639 408 3712; x_wconf 86' lang='lat' dir='ltr'>Per</span> <span class='ocrx_word' id='word_1_179' title='bbox 424 3663 636 3714; x_wconf 90' lang='lat' dir='ltr'>consensum</span> <span class='ocrx_word' id='word_1_180' title='bbox 649 3651 687 3715; x_wconf 88' lang='lat' dir='ltr'>et</span> <span class='ocrx_word' id='word_1_181' title='bbox 699 3644 989 3715; x_wconf 82' lang='lat' dir='ltr'>conformitatem</span> <span class='ocrx_word' id='word_1_182' title='bbox 1006 3663 1152 3735; x_wconf 90' lang='lat' dir='ltr'>operum</span> <span class='ocrx_word' id='word_1_183' title='bbox 1169 3638 1351 3723; x_wconf 86' lang='lat' dir='ltr'>similium,</span> 
     </span>
     <span class='ocr_line' id='line_1_30' title="bbox 336 3754 1352 3853; baseline -0.004 -25"><span class='ocrx_word' id='word_1_184' title='bbox 336 3779 414 3848; x_wconf 85' lang='lat' dir='ltr'>quae</span> <span class='ocrx_word' id='word_1_185' title='bbox 437 3759 593 3828; x_wconf 84' lang='lat' dir='ltr'>eduntur</span> <span class='ocrx_word' id='word_1_186' title='bbox 618 3782 639 3828; x_wconf 85' lang='lat' dir='ltr'>a</span> <span class='ocrx_word' id='word_1_187' title='bbox 663 3760 779 3831; x_wconf 88' lang='lat' dir='ltr'>calore</span> <span class='ocrx_word' id='word_1_188' title='bbox 805 3767 842 3830; x_wconf 87' lang='lat' dir='ltr'>ct</span> <span class='ocrx_word' id='word_1_189' title='bbox 869 3758 1063 3853; x_wconf 79' lang='lat' dir='ltr'>airigore3</span> <span class='ocrx_word' id='word_1_190' title='bbox 1088 3754 1193 3848; x_wconf 79' lang='lat' dir='ltr'>rejice</span> <span class='ocrx_word' id='word_1_191' title='bbox 1212 3762 1352 3825; x_wconf 90' lang='lat' dir='ltr'>motum</span> 
     </span>
     <span class='ocr_line' id='line_1_31' title="bbox 336 3869 1350 3968; baseline -0.005 -24"><span class='ocrx_word' id='word_1_192' title='bbox 336 3880 411 3944; x_wconf 89' lang='lat' dir='ltr'>tam</span> <span class='ocrx_word' id='word_1_193' title='bbox 444 3873 676 3966; x_wconf 82' lang='lat' dir='ltr'>expansivum</span> <span class='ocrx_word' id='word_1_194' title='bbox 711 3897 819 3968; x_wconf 87' lang='lat' dir='ltr'>qnam</span> <span class='ocrx_word' id='word_1_195' title='bbox 852 3874 1120 3956; x_wconf 86' lang='lat' dir='ltr'>contractivum,</span> <span class='ocrx_word' id='word_1_196' title='bbox 1154 3869 1350 3944; x_wconf 81' lang='lat' dir='ltr'>secundum</span> 
     </span>
     <span class='ocr_line' id='line_1_32' title="bbox 336 3995 466 4058; baseline 0 0"><span class='ocrx_word' id='word_1_197' title='bbox 336 3995 466 4058; x_wconf 89' lang='lat' dir='ltr'>totum.</span> 
     </span>
    </p>
   </div>
   <div class='ocr_carea' id='block_1_3' title="bbox 249 4125 1351 4427">
    <p class='ocr_par' dir='ltr' id='par_1_11' title="bbox 249 4125 1351 4427">
     <span class='ocr_line' id='line_1_33' title="bbox 284 4125 1280 4201; baseline -0.002 -21"><span class='ocrx_word' id='word_1_198' title='bbox 284 4125 308 4166; x_wconf 83' lang='lat'>²¹</span> <span class='ocrx_word' id='word_1_199' title='bbox 322 4127 366 4180; x_wconf 77' lang='lat' dir='ltr'>luc</span> <span class='ocrx_word' id='word_1_200' title='bbox 377 4125 431 4180; x_wconf 82' lang='lat' dir='ltr'>and</span> <span class='ocrx_word' id='word_1_201' title='bbox 443 4127 535 4182; x_wconf 68' lang='lat' dir='ltr'>lumem</span> <span class='ocrx_word' id='word_1_202' title='bbox 557 4132 575 4158; x_wconf 76' lang='lat'>‘⁸</span> <span class='ocrx_word' id='word_1_203' title='bbox 583 4127 653 4192; x_wconf 71' lang='lat' dir='ltr'>Ima,</span> <span class='ocrx_word' id='word_1_204' title='bbox 665 4127 692 4182; x_wconf 91' lang='lat' dir='ltr'>id</span> <span class='ocrx_word' id='word_1_205' title='bbox 705 4127 779 4201; x_wconf 90' lang='lat' dir='ltr'>quod</span> <span class='ocrx_word' id='word_1_206' title='bbox 857 4127 883 4167; x_wconf 76' lang='lat'>²²</span> <span class='ocrx_word' id='word_1_207' title='bbox 895 4126 938 4182; x_wconf 75' lang='lat' dir='ltr'>cl.</span> <span class='ocrx_word' id='word_1_208' title='bbox 951 4144 1026 4198; x_wconf 86' lang='lat' dir='ltr'>supr.</span> <span class='ocrx_word' id='word_1_209' title='bbox 1040 4125 1078 4180; x_wconf 90' lang='lat' dir='ltr'>ll.</span> <span class='ocrx_word' id='word_1_210' title='bbox 1093 4142 1135 4180; x_wconf 90' lang='lat'>12.</span> <span class='ocrx_word' id='word_1_211' title='bbox 1154 4125 1223 4179; x_wconf 88' lang='lat' dir='ltr'>lust.</span> <span class='ocrx_word' id='word_1_212' title='bbox 1238 4139 1280 4178; x_wconf 88' lang='lat'>22.</span> 
     </span>
     <span class='ocr_line' id='line_1_34' title="bbox 249 4200 1351 4280; baseline -0.005 -20"><span class='ocrx_word' id='word_1_213' title='bbox 249 4203 343 4260; x_wconf 61' lang='lat' dir='ltr'>m</span> <span class='ocrx_word' id='word_1_214' title='bbox 361 4203 530 4268; x_wconf 72' lang='lat' dir='ltr'>diffundimur,</span> <span class='ocrx_word' id='word_1_215' title='bbox 547 4203 660 4271; x_wconf 83' lang='lat' dir='ltr'>claritas,</span> <span class='ocrx_word' id='word_1_216' title='bbox 673 4207 778 4280; x_wconf 68' lang='lat' dir='ltr'>lingon</span> <span class='ocrx_word' id='word_1_217' title='bbox 855 4205 1056 4260; x_wconf 67' lang='lat' dir='ltr'>”Erroneoua</span> <span class='ocrx_word' id='word_1_218' title='bbox 1091 4200 1351 4273; x_wconf 81' lang='lat' dir='ltr'>Ironexpandsun-</span> 
     </span>
     <span class='ocr_line' id='line_1_35' title="bbox 249 4281 963 4356; baseline 0.001 -19"><span class='ocrx_word' id='word_1_219' title='bbox 249 4282 358 4349; x_wconf 72' lang='grc' dir='ltr'><strong><em>ῙΛΜ,</em></strong></span> <span class='ocrx_word' id='word_1_220' title='bbox 369 4283 398 4339; x_wconf 89' lang='lat' dir='ltr'>id</span> <span class='ocrx_word' id='word_1_221' title='bbox 410 4283 483 4356; x_wconf 91' lang='lat' dir='ltr'>quod</span> <span class='ocrx_word' id='word_1_222' title='bbox 499 4281 667 4353; x_wconf 82' lang='lat' dir='ltr'>splendorem</span> <span class='ocrx_word' id='word_1_223' title='bbox 679 4285 781 4341; x_wconf 76' lang='lat' dir='ltr'>difflan-</span> <span class='ocrx_word' id='word_1_224' title='bbox 822 4283 869 4339; x_wconf 84' lang='lat' dir='ltr'>der</span> <span class='ocrx_word' id='word_1_225' title='bbox 882 4284 963 4339; x_wconf 86' lang='lat' dir='ltr'>Hect.</span> 
     </span>
     <span class='ocr_line' id='line_1_36' title="bbox 249 4358 589 4427; baseline -0.006 -12"><span class='ocrx_word' id='word_1_226' title='bbox 249 4358 318 4416; x_wconf 84' lang='lat' dir='ltr'>dit.”</span> <span class='ocrx_word' id='word_1_227' title='bbox 337 4360 492 4427; x_wconf 78' lang='lat' dir='ltr'>Ddderlcin,</span> <span class='ocrx_word' id='word_1_228' title='bbox 504 4361 531 4416; x_wconf 89' lang='lat' dir='ltr'>ii.</span> <span class='ocrx_word' id='word_1_229' title='bbox 544 4358 589 4414; x_wconf 87' lang='lat'>66.</span> 
     </span>
    </p>
   </div>
   <div class='ocr_carea' id='block_1_4' title="bbox 0 0 1643 5146">
    <p class='ocr_par' dir='ltr' id='par_1_12' title="bbox 0 0 1643 5146">
     <span class='ocr_line' id='line_1_37' title="bbox 0 0 1643 5146; baseline 0 0"><span class='ocrx_word' id='word_1_230' title='bbox 0 0 1643 5146; x_wconf 95' lang='lat' dir='ltr'> </span> 
     </span>
    </p>
   </div>
  </div>
 </body>
</html>
