3156 5176
586 381 677 449 unt.
698 381 747 448 11.
767 382 821 464 48.
1188 383 1253 450 tot

153 549 229 616 tum
255 543 320 616 ‹iiu
347 543 463 630 durat
487 568 595 640 quum
621 547 664 618 fit
691 547 879 622 resonatio.
931 545 1079 618 Etenim
1105 545 1259 640 impulsa

152 681 333 753 campana.
362 683 469 734 sonus
489 662 538 734 ad
567 662 659 734 bene
689 686 859 759 magnum
886 670 1028 756 tempus
1056 663 1257 734 continuari

153 775 318 860 videtum
344 777 439 849 unde
457 779 536 870 quis
553 777 658 850 facile
676 779 712 849 in
729 801 885 851 errorem
910 777 1060 861 labatur,
1078 779 1107 848 si
1133 778 1258 849 existi-

153 897 230 962 met
247 897 327 963 toto
344 889 408 962 illo
420 898 584 986 temporo
600 913 728 964 sonum
740 900 911 986 tanquam
928 901 1053 966 natare
1069 901 1107 964 et
1124 892 1256 966 haerere

153 1007 191 1078 in
216 1015 319 1094 aere3
343 1007 440 1100 quod
456 1007 683 1080 falsissimum
700 1017 766 1080 est.
817 1005 966 1083 Etenim
991 1008 1053 1080 illo
1077 1011 1256 1082 resonatio

153 1145 226 1194 non
243 1133 299 1196 est
315 1123 412 1200 idem
429 1147 536 1198 sonus
552 1147 712 1209 numero,
726 1126 789 1198 sed
805 1133 1006 1198 renovatur.
1033 1124 1116 1198 Hoc
1134 1135 1256 1198 autem

152 1240 401 1312 manifestatm
415 1264 463 1312 ex
481 1241 663 1314 sedatione
678 1242 755 1316 sive
772 1242 989 1314 cohibitione
1006 1244 1160 1336 corporis
1176 1267 1256 1337 per-

152 1355 255 1428 cussi
307 1353 347 1428 si
363 1357 461 1428 enim
479 1357 625 1430 sistatur
640 1366 679 1429 et
695 1357 899 1430 detineatur
916 1381 1087 1452 campana
1105 1360 1255 1445 fortiter,

152 1481 192 1545 et
213 1473 278 1546 fiat
301 1475 503 1558 immobilis,
523 1478 646 1550 stetim
671 1477 765 1570 perit
789 1497 905 1560 sonus,
922 1498 990 1546 nec
1015 1484 1157 1548 resonat
1180 1498 1256 1548 am·

152 1588 265 1683 plius:
292 1598 334 1662 nt
351 1591 389 1662 in
405 1591 565 1675 chordis;
583 1593 711 1685 sipost
727 1592 879 1686 primam
895 1593 1159 1685 percussionem
1177 1600 1256 1663 tan-

151 1713 259 1800 gatur
275 1705 417 1792 chorda,
434 1706 491 1779 vei
510 1707 632 1802 digito,
650 1715 693 1778 ut
715 1709 755 1778 in
781 1707 880 1802 lyra3
905 1707 964 1780 vel
984 1707 1130 1793 calamo,
1149 1719 1191 1780 ut
1215 1709 1254 1778 in

152 1822 346 1916 espinctis;
378 1824 500 1896 statim
526 1825 658 1898 desinit
686 1826 875 1896 resonatio.
927 1823 1103 1919 Magnete
1132 1833 1255 1896 antem

151 1947 301 2022 remoto,
326 1941 449 2012 statim
472 1941 607 2012 ferrum
634 1940 776 2012 decidit.
828 1941 935 2012 Luna
962 1951 1085 2013 autem
1114 1965 1137 2011 a
1166 1942 1255 2012 mari

152 2078 226 2126 non
242 2063 362 2150 potest
378 2057 550 2128 removeri
564 2081 574 2142 ;
599 2080 666 2130 neo
684 2066 778 2130 terra
793 2079 815 2129 a
830 2059 1027 2152 ponderoso
1043 2057 1129 2128 dum
1146 2058 1254 2130 eadit.

149 2171 282 2266 itaque
298 2174 345 2244 de
361 2173 430 2246 illis
447 2173 587 2246 nulium
609 2175 686 2246 iieri
710 2183 830 2269 potest
855 2175 1163 2269 experimentum
1189 2174 1253 2246 sed

150 2291 244 2362 ratio
259 2289 385 2362 endem
403 2299 468 2364 est.

204 2405 296 2499 (14.)
325 2404 383 2478 Sit
399 2415 519 2480 motus
536 2409 696 2481 decimus
713 2416 870 2503 quartus,
886 2417 998 2481 motus
1015 2407 1255 2507 confiyurotio·

151 2523 219 2606 nie,
244 2531 309 2594 aut
332 2520 474 2604 citrum:
498 2547 563 2618 per
588 2509 695 2617 quem
721 2547 868 2619 corpora
892 2533 1062 2620 appetere
1087 2527 1256 2597 videntur

151 2661 224 2710 non
240 2641 443 2725 coitionem,
461 2649 525 2712 aut
550 2643 809 2736 separationem
834 2641 1015 2736 aliqucm;
1040 2643 1103 2716 sed
1130 2644 1253 2724 situm,

152 2765 191 2827 et
207 2755 488 2842 collocationem,
506 2767 545 2829 et
561 2758 864 2856 eonfiymationcm
882 2783 964 2831 cum
982 2758 1070 2832 aliis.
1109 2759 1177 2831 Est
1193 2781 1255 2831 au·

152 2881 227 2944 tem
256 2875 325 2946 istc
351 2882 472 2946 motus
497 2873 601 2946 vaide
626 2875 816 2960 abstrusus,
842 2897 909 2946 nec
935 2876 1029 2948 bene
1053 2877 1254 2969 inquisitus

150 2987 276 3083 Atque
301 2991 339 3060 in
364 2990 574 3083 quibusdam
601 2989 744 3062 videtur
768 2990 867 3084 quasi
891 2990 1138 3074 inccnsabilie3
1169 2990 1256 3062 licet

150 3127 274 3178 revers
294 3102 350 3194 (ut
367 3107 627 3202 existimamus)
651 3127 723 3177 non
748 3107 800 3178 ita
825 3107 883 3176 eit.
934 3104 1083 3178 Etenim
1108 3108 1137 3178 si
1160 3128 1256 3198 quae-

149 3231 258 3307 ratur,
275 3245 339 3294 cur
353 3224 473 3318 potius
490 3222 621 3296 coelum
639 3222 801 3294 volvatur
817 3222 863 3294 ab
881 3223 1020 3295 oriente
1038 3225 1076 3294 in
1093 3224 1256 3296 occiden-

149 3347 236 3423 tem,
253 3360 361 3430 qusm
383 3339 429 3410 ab
447 3340 633 3411 occidente
650 3340 687 3410 in
705 3338 900 3424 orientem:
927 3348 993 3411 aut
1015 3362 1079 3410 cur
1096 3347 1257 3410 vertatur

150 3454 244 3524 circa
268 3451 368 3547 polos
393 3452 527 3548 positos
541 3455 650 3548 juxta
666 3477 775 3538 ursas,
793 3454 1038 3549 potiusquam
1056 3455 1150 3526 circo
1166 3453 1257 3523 orio-

149 3593 244 3654 nem,
260 3576 326 3642 aut
341 3592 388 3641 ex
405 3569 475 3642 alia
491 3570 610 3664 aliqua
625 3581 726 3664 parte
743 3569 852 3644 ooelit
903 3569 1063 3644 Videtur
1077 3571 1146 3642 ista
1161 3591 1257 3664 qute-

147 3830 213 3869 ncsr
241 3813 288 3870 the
316 3820 336 3848 “
346 3813 509 3887 unduirtory
535 3813 630 3888 theory
653 3813 685 3869 oi
721 3813 791 3870 their
802 3831 865 3870 own
875 3813 985 3872 cellular
1001 3831 1034 3868 or
1049 3813 1153 3870 tibrcns
1169 3821 1258 3870 enuc-

149 3891 273 3958 Sound,”
285 3911 315 3950 st
326 3893 361 3949 he
372 3891 451 3949 holds
463 3893 521 3948 thot
532 3893 589 3949 itis
605 3911 680 3964 paee·
722 3900 805 3947 tures.
822 3891 864 3946 'I'o
872 3891 928 3947 thie
937 3893 1007 3947 cluse
1017 3890 1109 3946 Bacon
1121 3891 1258 3962 stu-engeiy

147 3970 181 4026 ed
192 3989 228 4026 on
240 3971 309 4028 from
322 3972 399 4044 point
409 3981 439 4027 to
449 3973 535 4043 point,
547 3971 635 4028 which
646 3972 680 4028 he
721 3970 804 4026 mere
822 3968 869 4025 the
886 3969 1016 4026 dimtiou
1030 3968 1062 4024 of
1077 3969 1124 4025 the
1141 3969 1259 4026 emon

146 4049 211 4106 ulle
224 4051 412 4106 “renouatio'’
720 4050 855 4105 motione:
879 4047 934 4104 and
957 4049 1005 4105 the
1027 4049 1142 4122 polsrity
1159 4047 1192 4105 ot
1211 4045 1259 4103 the

182 4127 208 4168 ⁹⁴
225 4127 291 4184 Thio
302 4127 393 4184 would
409 4129 490 4200 sppiy
501 4137 530 4184 to
541 4128 588 4184 tho
602 4128 679 4184 lawe
721 4126 832 4184 Nesdle.
868 4128 896 4184 It
913 4145 1001 4184 seems
1018 4145 1055 4184 ou
1070 4128 1117 4184 the
1128 4125 1215 4182 whole
1228 4134 1259 4180 tc

146 4205 178 4262 oi
187 4205 337 4273 succurre,
343 4207 381 4280 by
387 4207 475 4264 which
482 4207 535 4279 (ior
547 4209 679 4279 example)
719 4206 814 4261 treuch
829 4224 905 4278 upon
921 4206 969 4262 the
986 4207 1115 4278 province
1130 4205 1163 4261 oi
1177 4201 1258 4260 “11-

148 4283 268 4358 emula
279 4303 387 4342 munte
398 4285 495 4358 always
505 4285 575 4342 their
583 4303 680 4357 proper
719 4295 780 4342 tens
793 4283 1037 4342 ocumanius&

146 4362 251 4436 shspes
274 4381 306 4420 or
328 4363 479 4436 vegetsblcs
501 4364 590 4420 iollow
613 4364 679 4422 euch
