3268 5146
304 333 369 396 202
634 330 809 397 NOVUM
832 332 1081 398 ORGANUM.

362 496 638 590 Proponendum
666 497 787 590 itaque
814 498 968 590 estjam
995 494 1201 589 exemplum
1229 495 1409 568 instantias

308 614 503 714 migrantis.
555 613 613 685 Sit
638 623 764 685 natura
788 615 965 708 inquisita
989 615 1130 695 candor,
1157 615 1232 684 sive
1256 613 1407 702 albedo;

309 731 478 802 taumatia
506 729 661 827 migrans
694 731 740 802 ad
770 733 1037 825 generationem
1070 739 1127 802 est
1155 731 1287 802 vitrum
1317 733 1410 804 intc-

305 871 421 944 grum,
439 857 477 918 et
493 847 625 917 vitrum
644 847 908 939 pulverisatum.
935 847 1120 930 Similiter,
1134 871 1226 941 sque
1243 847 1407 943 simplex,

306 973 345 1036 et
369 986 462 1057 aqna
485 965 620 1058 agitata
640 965 678 1034 in
704 987 877 1058 spumam.
929 962 1074 1036 Vitrum
1092 964 1188 1035 enim
1213 966 1405 1060 integrum,

306 1088 345 1153 et
369 1105 460 1176 equa
484 1080 646 1175 simplex,
669 1080 847 1174 diaphona
870 1089 965 1164 suut,
988 1102 1060 1153 nou
1085 1080 1183 1152 alba:
1213 1091 1252 1151 at
1273 1081 1408 1152 vitrum

305 1198 572 1290 pulverisatum,
589 1207 629 1268 et
652 1220 744 1292 aqua
766 1199 804 1268 in
830 1221 966 1290 spuma,
983 1197 1074 1280 albe,
1092 1219 1165 1268 non
1189 1195 1409 1292 diapbana⁵⁰.

307 1311 435 1406 Itaque
461 1313 699 1408 quaerendum,
725 1312 810 1406 quid
841 1313 1010 1385 acciderit
1035 1336 1081 1385 ex
1107 1316 1176 1385 ista
1200 1313 1411 1412 migratione

306 1431 408 1514 vitro,
431 1438 495 1501 aut
519 1451 628 1523 equae.
682 1429 920 1501 Manifestum
937 1431 1031 1502 enirn
1051 1438 1118 1515 est,
1136 1430 1288 1500 formam
1312 1429 1410 1502 albo-

307 1545 399 1617 dinis
424 1545 553 1619 deferri
577 1555 615 1618 et
640 1545 759 1618 invehi
782 1569 848 1640 per
863 1548 968 1618 istam
987 1546 1235 1618 contusionem
1255 1547 1352 1630 vitri,
1369 1556 1410 1619 et

306 1663 539 1756 agitationem
564 1685 674 1755 aquae.
733 1660 837 1734 Nihil
862 1673 985 1735 autem
1011 1663 1187 1758 reperitur
1210 1663 1408 1747 secessisse,

306 1785 435 1872 praeter
451 1780 767 1851 comminutionem
793 1781 948 1873 partium
966 1780 1047 1850 vitri
1066 1790 1105 1852 et
1127 1803 1238 1873 aquae,
1256 1787 1295 1851 ct
1319 1782 1410 1852 aeris

307 1895 548 1968 insertionem.
600 1895 728 1988 Neque
749 1919 830 1967 vero
853 1919 977 1990 pamm
1002 1896 1203 1989 profectum
1220 1905 1276 1968 est
1292 1897 1338 1968 ad
1356 1899 1411 1968 in-

308 2011 518 2083 veniendum
545 2011 694 2083 formam
720 2011 904 2096 albedinis,
922 2013 1016 2106 qnod
1038 2035 1185 2106 corpora
1201 2011 1272 2082 dno
1290 2035 1355 2104 per
1370 2033 1410 2082 se

308 2127 492 2221 diophane,
513 2127 576 2200 sed
602 2128 798 2200 secundum
824 2131 937 2224 magis
962 2137 1001 2200 ct
1026 2131 1154 2212 minus,
1174 2127 1248 2218 (adr
1272 2127 1411 2199 scilicet

307 2251 346 2316 et
371 2267 473 2338 aqna,
493 2253 557 2316 aut
581 2246 641 2317 adr
664 2255 702 2316 et
724 2245 872 2338 vitrum)
895 2245 1002 2318 simul
1027 2247 1142 2339 posita
1167 2267 1231 2338 per
1253 2245 1411 2316 minutas

306 2361 496 2455 portiones,
513 2360 706 2433 exhibeant
730 2361 943 2445 albedinem,
969 2387 1033 2456 per
1056 2362 1303 2434 refractionem
1327 2361 1412 2432 inae-

307 2476 450 2571 qualern
467 2479 646 2550 radiorum
664 2477 763 2550 lucis.

361 2591 498 2666 Verum
516 2594 582 2665 hae
602 2595 639 2664 in
660 2619 697 2666 re
716 2597 985 2688 proponendum
1003 2605 1058 2668 est
1075 2598 1184 2668 etiam
1201 2595 1410 2690 exemplum

303 2710 453 2803 periculi
487 2719 526 2781 et
556 2711 741 2793 cautionis,
773 2712 819 2782 de
850 2711 978 2806 quibus
1007 2713 1173 2784 diximus.
1227 2711 1410 2784 Nimirum

304 2824 408 2896 facile
433 2823 491 2897 bic
514 2835 675 2898 occurret
700 2826 901 2899 intellectui
927 2827 973 2900 ab
997 2829 1201 2921 hujusmodi
1225 2828 1411 2901 efficienti·

303 2938 370 3013 bus
395 2941 596 3035 depravato,
615 2943 709 3037 quod
737 2942 781 3013 ud
809 2945 960 3015 formam
986 2943 1161 3016 albedinis
1186 2945 1246 3015 a'e‘r
1269 2965 1412 3037 semper

303 3058 522 3152 requiratur3
558 3068 622 3131 aut
651 3059 745 3151 quod
777 3059 904 3131 albedo
937 3070 1131 3154 generetur
1163 3068 1307 3130 tantum
1345 3081 1411 3152 per

303 3199 449 3270 corpora
466 3175 661 3270 diophane:
688 3198 766 3268 qnae
787 3177 931 3249 omnino
955 3175 1043 3247 falsa
1068 3185 1162 3261 sunt,
1180 3185 1220 3247 et
1236 3198 1300 3269 per
1316 3173 1410 3245 mul-

304 3301 359 3364 tas
376 3293 597 3365 exclusiones
614 3293 786 3364 convicta.
822 3291 920 3376 Quin
937 3293 1055 3387 potius
1071 3292 1267 3387 apparebit,
1286 3293 1409 3384 (misso

304 3409 395 3492 edre,
413 3418 453 3480 ct
468 3408 687 3502 hujusmodi)
705 3430 852 3502 corpora
868 3410 1013 3479 omnino
1031 3407 1178 3501 aequelia
1196 3406 1408 3501 (secundum

303 3527 485 3618 portiones
515 3525 664 3618 opticus)
692 3525 775 3594 dare
805 3524 1042 3618 diapbanum;
1063 3547 1209 3618 corpora
1241 3545 1325 3596 vero
1355 3526 1409 3594 in·

332 3753 358 3794 ³⁰
371 3753 404 3808 Iu
415 3753 485 3809 their
492 3755 578 3810 whole
589 3753 643 3810 aud
654 3753 833 3812 audiaturbed
874 3757 979 3812 natural
991 3764 1066 3821 state,
1079 3773 1180 3828 courcy
1191 3763 1221 3809 to
1234 3754 1281 3810 the
1298 3771 1346 3827 eya
1362 3753 1410 3810 tbs

304 3841 371 3888 state
382 3834 454 3906 giass
470 3833 524 3888 and
535 3842 616 3888 water
627 3835 705 3889 allow
715 3833 761 3889 the
773 3851 834 3906 ruys
874 3835 1032 3907 impression
1043 3834 1075 3890 ol
1083 3832 1236 3889 whiteness.
1258 3839 1277 3864 ‘⁸
1286 3833 1320 3889 ln
1332 3833 1409 3888 read·

302 3911 334 3967 os
347 3908 416 3982 light
433 3919 462 3966 to
479 3929 542 3982 pass
560 3911 677 3984 through
690 3911 763 3966 tham
781 3911 835 3967 and
875 3915 923 3986 ing
940 3913 1003 3978 this,
1016 3911 1068 3968 and
1088 3931 1166 3985 many
1179 3911 1258 3968 other
1274 3912 1409 3968 instance·

303 3989 399 4044 retract
418 3989 482 4062 only
503 4008 519 4045 a
539 3990 605 4044 little
612 4013 621 4056 ς
644 3993 836 4064 consequantly
876 3993 905 4047 in
923 3992 969 4047 the
990 3991 1061 4048 Nor.
1079 3991 1167 4063 Org.”
1185 4007 1248 4063 says
1267 3991 1409 4056 Heranbsi,

302 4067 367 4140 they
378 4068 438 4140 give
452 4085 485 4124 us
503 4085 540 4124 no
557 4070 692 4126 madon
703 4069 734 4124 oi
743 4069 835 4126 white·
877 4071 964 4141 (Diae.
987 4072 1002 4140 t
1019 4071 1081 4142 198)
1100 4076 1119 4102 “
1130 4086 1182 4125 ons
1199 4068 1291 4126 would
1312 4071 1410 4126 almost

304 4165 382 4203 nese:
401 4145 478 4202 when
490 4147 536 4202 tha
547 4149 619 4219 glasa
631 4149 653 4204 is
666 4149 802 4220 pounded,
814 4151 836 4204 it
876 4167 992 4220 suppose
1010 4149 1075 4220 (had
1093 4148 1114 4203 it
1131 4148 1198 4204 besu
1214 4149 1332 4218 written)
1350 4149 1410 4204 that

303 4242 340 4280 no
350 4225 444 4296 longer
456 4225 545 4281 siiorrs
557 4225 589 4280 ol
597 4226 836 4282 miractionasbe·
876 4229 911 4284 its
940 4227 1036 4283 author
1059 4226 1113 4282 had
1136 4227 1217 4282 taken
1239 4227 1317 4284 them
1340 4228 1411 4284 bom

303 4303 360 4358 fare
370 4325 378 4369 ;
403 4303 457 4359 aad
475 4303 521 4360 the
538 4322 599 4378 ruys
616 4306 649 4360 oi
665 4304 735 4376 light
755 4305 837 4376 being
877 4305 1015 4362 Newton’s
1029 4305 1152 4378 Optics.''

305 4382 426 4438 reflectcd
438 4383 466 4438 in
478 4393 552 4456 great
563 4384 707 4456 quantitics
724 4383 751 4438 in
768 4384 837 4440 their
