3078 5180
460 359 462 364 ’
540 378 800 443 camaram.
1202 383 1222 444 a

108 544 260 614 omnino
287 547 349 615 via
377 544 572 617 intellectui
601 547 779 638 aperiatur
807 544 877 616 illis
904 547 1082 616 intentata
1107 557 1144 616 et
1171 548 1223 616 in-

109 659 268 752 cognita,
288 673 508 733 commutata
526 665 602 756 jam
627 663 717 733 ratio
741 670 815 742 est;
842 673 982 732 cessant
1005 663 1162 733 studium
1185 673 1222 732 et

111 785 254 867 partes;
280 801 418 872 nosque
440 780 566 850 indicis
589 779 837 850 tautummodo
862 801 1045 871 personam
1071 781 1223 850 sustine-

112 913 214 978 mus;
241 894 339 985 quod
356 895 542 966 mediocris
564 905 662 966 certe
684 905 739 964 est
762 895 993 977 auctoritatis,
1013 904 1051 966 et
1069 895 1221 967 fortunae

111 1011 300 1102 eujusdam
319 1013 446 1106 potius,
459 1036 565 1106 quam
580 1011 760 1083 facultatis
777 1019 814 1082 et
832 1010 1065 1082 excellentiae.
1100 1007 1222 1106 Atque

112 1125 190 1196 haec
211 1129 341 1198 moniti
366 1129 500 1221 species
524 1129 568 1200 ad
595 1149 760 1221 personas
782 1127 947 1219 pertinet,
966 1126 1079 1200 altera
1099 1129 1143 1198 ad
1167 1151 1223 1200 res

112 1243 218 1336 ipsas.

167 1357 248 1430 Nos
275 1359 449 1451 siquidem
481 1358 527 1430 de
556 1357 777 1428 deturbanda
803 1383 855 1442 ea,
883 1382 960 1450 quaa
987 1381 1081 1428 onoc
1107 1358 1221 1443 floret,

111 1473 348 1567 philosophia,
366 1485 429 1546 aut
446 1476 473 1545 si
493 1497 570 1567 quae
587 1474 656 1544 alia
673 1477 728 1556 sit,
743 1485 806 1544 aut
822 1476 903 1556 erit,
917 1474 982 1544 hac
1001 1475 1223 1546 emendatior

111 1600 179 1662 aut
204 1592 353 1675 auctior,
382 1593 529 1662 minime
560 1591 768 1662 laboramus.
830 1589 962 1683 Neque
990 1591 1084 1660 enim
1114 1591 1221 1662 offici-

111 1729 205 1789 mus,
231 1708 318 1799 quin
345 1707 566 1799 philosophia
591 1708 660 1777 ista
685 1717 838 1800 recepta,
864 1719 902 1777 et
927 1706 1004 1776 alite
1033 1708 1066 1778 id
1095 1730 1221 1802 genus,

112 1823 376 1915 disputationes
407 1822 517 1903 alant,
546 1845 725 1894 sermones
758 1836 897 1904 ornent,
933 1822 978 1892 ad
1013 1823 1222 1915 professoria

112 1961 265 2010 munera
291 1948 329 2009 et
352 1940 436 2010 vitae
462 1939 575 2010 civilis
601 1939 821 2031 compendia,
842 1939 1079 2010 adhibeantur
1103 1950 1142 2011 et
1162 1962 1222 2011 ra·

112 2054 224 2125 leant.
276 2054 373 2138 Quin
399 2057 505 2126 etiam
532 2065 655 2147 aperte
678 2056 917 2148 significamus
940 2065 978 2125 et
1000 2055 1220 2128 declaramus

111 2191 207 2253 eam,
226 2194 333 2263 quam
365 2194 428 2241 nos
452 2172 673 2251 adducimus,
700 2170 957 2263 philosophiam
984 2172 1028 2240 ad
1054 2172 1138 2240 istas
1164 2195 1220 2243 res

111 2283 308 2354 admodum
327 2285 453 2356 utilem
472 2309 542 2355 non
562 2287 730 2354 futuram.
771 2283 857 2355 Non
871 2296 997 2378 praesto
1011 2297 1082 2368 est;
1103 2310 1220 2379 neque

111 2401 149 2469 in
169 2403 320 2470 transitu
339 2403 499 2494 capitur;
528 2423 644 2492 neque
662 2423 707 2470 ex
727 2402 999 2495 praenotionibus
1018 2403 1216 2474 intellectui

112 2515 311 2600 blanditum
333 2516 507 2609 nequead
522 2515 618 2612 vulgi
634 2527 790 2610 captum,
805 2519 870 2588 nisi
890 2539 953 2610 per
970 2517 1162 2589 utilitatem
1180 2531 1219 2590 et

110 2629 250 2714 effecta,
268 2632 472 2703 descendet.

162 2745 247 2816 Sint
269 2747 389 2840 itaque
409 2753 515 2841 (quod
534 2751 623 2822 felix
643 2751 871 2843 faustumque
887 2753 934 2820 sit
952 2751 1094 2842 utrique
1111 2754 1217 2843 parti)

110 2863 192 2932 duae
215 2863 452 2936 doctrinarum
477 2870 729 2949 emanationes,
751 2891 792 2938 ac
816 2871 894 2938 duae
918 2867 1217 2960 dispensationem

108 2979 192 3048 duae
226 2979 390 3050 similiter
425 2983 746 3075 contemplantium
783 2985 856 3054 sive
894 2982 1216 3074 philosophantium

109 3094 236 3176 tribus,
266 3118 308 3166 ac
338 3096 449 3167 veluti
481 3100 733 3191 cognationem
772 3111 880 3190 atque
910 3098 979 3168 illae
1009 3101 1216 3190 neutiquam

108 3212 207 3282 inter
231 3233 269 3281 se
295 3213 444 3284 inimicae
470 3223 533 3284 aut
559 3215 693 3294 alienae,
720 3215 782 3283 sed
810 3214 989 3284 foederatae
1018 3223 1056 3282 et
1083 3215 1217 3283 mutuis

107 3326 254 3398 auxiliis
282 3328 474 3400 devinctae:
514 3332 560 3400 sit
591 3331 745 3422 denique
773 3330 842 3399 alia
873 3331 1037 3401 scientias
1066 3330 1216 3412 colendi,

108 3443 181 3514 alia
205 3445 410 3516 inveniendi
439 3446 539 3516 ratio.
591 3446 715 3538 Atque
742 3445 869 3537 quibus
897 3447 1009 3538 prima
1038 3445 1154 3537 potior
1180 3457 1216 3516 et

107 3559 291 3652 acceptior
308 3570 371 3642 est,
389 3561 435 3630 oh
452 3562 727 3643 festinationem,
747 3561 801 3630 vel
823 3561 902 3631 vitas
919 3561 1033 3632 civilis
1049 3563 1216 3645 rationes,

109 3676 168 3747 vel
186 3677 281 3768 quod
305 3676 401 3747 illam
425 3678 573 3750 alteram
599 3680 644 3748 ob
669 3679 798 3750 meotis
824 3679 1066 3748 infirmitatem
1092 3702 1216 3772 capere

108 3801 148 3863 et
167 3792 358 3884 complecti
383 3817 452 3864 non
477 3797 621 3888 possint,
643 3797 692 3881 (id
712 3796 805 3886 quod
825 3795 932 3888 longe
949 3795 1110 3888 plurimis
1127 3799 1216 3866 acci·

107 3911 193 3980 dere
222 3931 364 3979 necesse
390 3917 459 4000 est)
485 3921 662 4002 optamus,
685 3920 727 3981 ut
752 3912 794 3982 iis
820 3911 974 3982 feliciter
998 3922 1037 3984 et
1062 3936 1106 3982 ex
1134 3925 1215 3983 voto

109 4025 279 4096 succedat
298 4028 391 4117 quod
413 4040 534 4120 agunt,
552 4035 660 4119 atque
678 4039 718 4096 ut
731 4028 824 4120 quod
844 4038 1041 4120 sequuntur
1057 4039 1214 4099 teneant.

108 4140 216 4224 Quod
244 4142 271 4210 sl
299 4141 355 4211 cui
380 4141 582 4213 mortalium
607 4143 703 4213 cordi
728 4154 766 4214 et
789 4168 881 4214 curae
905 4146 960 4227 sit,
980 4168 1050 4214 non
1075 4154 1213 4214 tantum

106 4257 264 4328 inventis
290 4256 432 4338 haerere,
459 4269 567 4351 atque
593 4262 636 4330 iis
663 4261 726 4344 uti,
753 4261 814 4330 sed
843 4261 885 4330 ad
914 4260 1083 4330 ulteriora
1108 4283 1215 4350 pene-

105 4382 224 4458 trare3
260 4382 368 4465 atque
397 4397 468 4444 non
498 4375 711 4468 disputando
741 4378 991 4458 adversarium,
1018 4377 1080 4446 sed
1107 4397 1213 4466 opere
