3222 5148
304 327 368 392 188
627 324 803 391 NOVUM
827 323 1074 392 ORGANUM.

301 489 368 561 sibi
385 491 570 559 monstrari
588 488 722 581 aliquid
740 488 952 581 hujusmodi,
972 489 1066 582 quod
1084 508 1192 580 opere
1218 507 1291 558 non
1314 486 1407 557 frus-

302 613 386 688 tret‚
412 627 530 696 neque
560 606 806 699 experimento
834 605 946 678 fallat.
1013 604 1189 686 Secundo,
1218 601 1407 696 exoptabit

301 722 380 814 quis
397 720 531 814 aliquid
547 722 615 792 sibi
632 723 818 816 praescribi,
837 722 931 815 quod
949 723 1066 816 ipsum
1082 744 1156 792 non
1176 720 1350 814 astringat
1366 729 1407 791 ot

303 847 465 910 ooorooat
489 837 534 909 ad
560 838 680 908 media
703 839 875 931 quaedam,
902 847 941 909 et
966 837 1090 908 modos
1122 837 1293 930 quosdam
1321 859 1408 928 ope·

303 953 403 1026 randi
421 952 660 1046 particulares.
696 951 861 1024 Fortasse
885 955 981 1024 euim
1005 953 1233 1034 destituetur,
1250 973 1319 1022 neo
1345 951 1410 1022 ha·

302 1068 403 1142 bebit
428 1067 649 1150 facultatem,
668 1081 707 1140 et
731 1069 1035 1151 commoditatem,
1053 1067 1141 1139 talia
1164 1067 1285 1140 media
1309 1089 1410 1138 oom-

303 1185 450 1278 parandi
467 1193 506 1254 ot
522 1185 744 1277 proouraudi.
796 1181 902 1267 Quod
924 1185 952 1254 si
971 1183 1044 1254 sint
1066 1192 1105 1256 et
1126 1182 1197 1254 ulia
1221 1182 1350 1262 media,
1369 1189 1410 1254 st

304 1299 366 1372 alii
390 1301 488 1372 modi
514 1299 656 1393 (praeter
678 1298 767 1370 illud
793 1302 1025 1392 praeseptum)
1050 1297 1300 1394 progigueudae
1325 1296 1410 1368 talis

303 1425 459 1503 naturae3
485 1440 526 1488 ea
545 1418 691 1488 fortasse
713 1438 759 1488 ox
776 1417 819 1486 iis
839 1423 954 1497 erunt,
972 1437 1050 1507 quae
1073 1415 1211 1488 suntin
1228 1414 1410 1508 operantis

305 1541 504 1626 potestate3
530 1557 552 1604 a
568 1533 696 1625 quibus
711 1530 944 1602 nibilominus
960 1554 1025 1624 por
1040 1532 1222 1624 augustias
1238 1531 1409 1624 pmoopti

306 1646 528 1733 oxoludetur,
555 1671 623 1720 neo
648 1648 805 1720 fmotum
829 1648 958 1740 sapiet.
1019 1645 1153 1729 Tertio,
1178 1645 1320 1738 optabit
1344 1643 1410 1716 ali·

307 1763 391 1856 quid
410 1765 476 1834 sibi
493 1764 691 1846 monstrari,
708 1763 804 1855 quod
830 1785 902 1834 nou
927 1763 974 1834 sit
997 1785 1097 1854 aeque
1115 1760 1259 1834 diffieilo
1280 1783 1323 1832 ao
1347 1757 1412 1832 illa

307 1881 383 1972 ipsa
406 1882 562 1973 operatio
580 1881 625 1951 do
643 1902 713 1972 qua
735 1880 935 1971 inquiritur,
952 1879 1014 1950 sed
1032 1879 1175 1971 propius
1197 1877 1345 1950 aooedat
1363 1876 1412 1948 ad

308 2017 447 2086 praxru.

346 2108 473 2203 Itaque
490 2111 536 2182 de
552 2118 729 2204 praecepto
743 2133 827 2183 voro
839 2120 877 2183 ot
891 2111 1049 2204 perfeeto
1067 2108 1235 2203 operandi
1251 2131 1411 2202 pronun·

308 2228 439 2298 tiatum
462 2227 531 2299 orit
556 2226 652 2311 tale;
685 2223 733 2299 Ut
756 2227 804 2296 sit
828 2235 969 2313 eertum,
988 2224 1142 2309 liborum,
1161 2233 1193 2297 ot
1215 2223 1412 2320 disponeres,

304 2341 377 2414 εἰυο
392 2343 430 2412 ia
448 2340 570 2414 ordino
588 2341 636 2414 ool
650 2341 828 2414 αοίἰσιιθιιι.
879 2340 1003 2434 Atque
1020 2343 1088 2414 hoo
1104 2343 1222 2435 ipsum
1239 2341 1336 2412 idern
1354 2348 1412 2410 est

307 2483 390 2530 oum
417 2460 622 2531 inventione
650 2460 772 2530 formae
797 2482 899 2530 verae.
961 2459 1107 2530 Etenim
1135 2459 1248 2530 forrna
1274 2465 1413 2528 nature

307 2573 457 2666 ulioujus
473 2574 554 2647 talis
570 2584 635 2659 est,
652 2584 704 2660 ut,
723 2599 766 2646 ea
786 2575 912 2668 posite,
931 2585 1057 2647 natura
1074 2574 1159 2646 data
1174 2571 1415 2645 infallibiliter

310 2699 488 2783 sequatur.
541 2691 668 2783 Itaque
698 2692 799 2763 adest
823 2699 1005 2786 perpetuo,
1032 2691 1172 2783 quaudo
1197 2699 1326 2761 natura
1350 2688 1415 2760 illa

310 2809 422 2892 adest,
454 2817 563 2901 atque
593 2831 672 2880 eam
703 2809 949 2882 universaliter
982 2808 1144 2892 affirmat,
1174 2816 1284 2901 atque
1317 2808 1414 2880 inest

310 2927 420 2996 omni.
473 2923 610 2998 Eadem
636 2925 751 2996 forma
776 2925 858 2998 talis
886 2935 951 3010 est,
980 2934 1030 3008 ut,
1057 2948 1101 2997 ea
1127 2933 1256 3008 amota,
1283 2932 1415 2996 natura

312 3042 396 3115 data
407 3041 641 3114 infallibiliter
652 3042 779 3137 fngiat.
807 3043 938 3135 Itaque
954 3043 1055 3114 abest
1071 3049 1255 3136 perpetuo,
1269 3040 1414 3132 quaudo

311 3170 438 3231 natura
454 3159 516 3231 illa
532 3159 642 3243 abest,
656 3181 806 3252 eamque
823 3169 995 3254 perpetuo
1012 3159 1179 3252 abneget,
1191 3165 1302 3252 atquo
1319 3157 1415 3229 inest

312 3275 390 3348 soli.
427 3275 625 3360 Postremo,
642 3277 854 3348 formavere
871 3275 952 3346 talis
968 3285 1034 3357 est,
1051 3283 1094 3346 ut
1110 3284 1274 3346 naturam
1292 3273 1414 3356 ᾶιιιιιιι

312 3413 358 3463 ox
377 3393 477 3464 fonte
499 3392 619 3486 aliquo
642 3393 807 3464 essentiae
830 3392 995 3476 deducat,
1013 3415 1094 3484 quae
1119 3393 1213 3464 inest
1239 3389 1413 3484 pluribus,

313 3518 350 3580 et
372 3509 490 3580 notior
513 3518 569 3580 est
591 3517 726 3580 naturae
746 3510 804 3602 (ut
827 3509 1036 3602 loquuntur)
1056 3531 1163 3601 quam
1188 3508 1264 3600 ipsa
1288 3506 1414 3580 forma.

312 3623 440 3716 Itaque
457 3624 504 3695 do
526 3626 706 3696 axiomato
724 3648 806 3698 vero
824 3635 862 3696 ot
879 3625 1037 3720 perfeeto
1054 3625 1188 3696 soieudi
1206 3625 1417 3716 pronuntia·

314 3751 391 3810 tum
409 3748 447 3810 et
465 3749 676 3834 praeceptum
702 3740 774 3814 tale
800 3751 875 3826 est;
902 3749 940 3813 ut
964 3737 1162 3814 inveniatur
1178 3747 1305 3812 notura
1331 3737 1415 3824 olio,

314 3877 392 3951 queo
408 3854 455 3925 ait
471 3879 546 3927 oum
565 3866 692 3929 notura
709 3857 790 3929 doto
807 3857 1047 3940 eonvertabilir,
1065 3869 1097 3930 ot
1117 3866 1229 3929 tomen
1251 3857 1299 3928 ait
1320 3854 1417 3927 limi·

313 3973 401 4046 totio
425 3981 562 4044 notum
586 3974 743 4058 notioris,
765 3977 878 4047 lator
893 3975 1031 4073 quaeris
1056 3975 1141 4048 aori.
1192 3973 1269 4046 Ista
1293 3981 1418 4045 autom

313 4091 387 4160 duo
413 4091 650 4180 pronuntiata,
674 4092 832 4162 activum
859 4101 897 4164 et
922 4092 1254 4185 contemplativum,
1277 4113 1334 4160 res
1359 4113 1420 4162 eo-

313 4206 397 4300 dem
416 4215 519 4291 sunt;
545 4215 583 4278 et
600 4208 695 4300 quod
713 4209 751 4280 in
769 4209 947 4302 operando
964 4207 1204 4292 utilissimum,
1221 4207 1260 4278 id
1286 4207 1323 4277 iu
1350 4205 1419 4278 soi-

314 4323 407 4395 ondo
425 4323 657 4396 verissimum.
