<?xml version="1.0" encoding="UTF-8"?>
<!DOCTYPE html PUBLIC "-//W3C//DTD XHTML 1.0 Transitional//EN"
    "http://www.w3.org/TR/xhtml1/DTD/xhtml1-transitional.dtd">
<html xmlns="http://www.w3.org/1999/xhtml" xml:lang="en" lang="en">
 <head>
  <title>
</title>
<meta http-equiv="Content-Type" content="text/html;charset=utf-8" />
  <meta name='ocr-system' content='tesseract 3.04.00' />
  <meta name='ocr-capabilities' content='ocr_page ocr_carea ocr_par ocr_line ocrx_word'/>
</head>
<body>
  <div class='ocr_page' id='page_1' title='image "./franciscibaconi01kitcgoog_0102.png"; bbox 0 0 3078 5180; ppageno 0'>
   <div class='ocr_carea' id='block_1_1' title="bbox 576 348 1237 416">
    <p class='ocr_par' dir='ltr' id='par_1_1' title="bbox 576 348 1237 416">
     <span class='ocr_line' id='line_1_1' title="bbox 576 348 1237 416; baseline -0.005 -1"><span class='ocrx_word' id='word_1_1' title='bbox 576 348 665 415; x_wconf 81' lang='lat' dir='ltr'>LIB.</span> <span class='ocrx_word' id='word_1_2' title='bbox 684 349 713 414; x_wconf 91' lang='lat'>1.</span> <span class='ocrx_word' id='word_1_3' title='bbox 730 350 781 415; x_wconf 81' lang='lat'>82.</span> <span class='ocrx_word' id='word_1_4' title='bbox 1195 351 1237 416; x_wconf 76' lang='lat' dir='ltr'>ta</span> 
     </span>
    </p>
   </div>
   <div class='ocr_carea' id='block_1_2' title="bbox 129 510 1255 3869">
    <p class='ocr_par' dir='ltr' id='par_1_2' title="bbox 129 510 1250 2913">
     <span class='ocr_line' id='line_1_2' title="bbox 129 510 1239 608; baseline -0.005 -20"><span class='ocrx_word' id='word_1_5' title='bbox 129 514 193 588; x_wconf 88' lang='lat' dir='ltr'>illa</span> <span class='ocrx_word' id='word_1_6' title='bbox 219 523 317 587; x_wconf 88' lang='lat' dir='ltr'>recte</span> <span class='ocrx_word' id='word_1_7' title='bbox 344 516 461 608; x_wconf 86' lang='lat' dir='ltr'>positu</span> <span class='ocrx_word' id='word_1_8' title='bbox 484 515 645 598; x_wconf 82' lang='lat' dir='ltr'>fuissent,</span> <span class='ocrx_word' id='word_1_9' title='bbox 667 515 761 587; x_wconf 82' lang='lat' dir='ltr'>viem</span> <span class='ocrx_word' id='word_1_10' title='bbox 788 521 909 586; x_wconf 85' lang='lat' dir='ltr'>tamen</span> <span class='ocrx_word' id='word_1_11' title='bbox 935 512 1002 584; x_wconf 87' lang='lat' dir='ltr'>sibi</span> <span class='ocrx_word' id='word_1_12' title='bbox 1028 510 1239 607; x_wconf 87' lang='lat' dir='ltr'>delegerunt</span> 
     </span>
     <span class='ocr_line' id='line_1_3' title="bbox 131 630 1239 725; baseline -0.002 -22"><span class='ocrx_word' id='word_1_13' title='bbox 131 633 278 704; x_wconf 90' lang='lat' dir='ltr'>omnino</span> <span class='ocrx_word' id='word_1_14' title='bbox 305 652 489 704; x_wconf 87' lang='lat' dir='ltr'>erroneam</span> <span class='ocrx_word' id='word_1_15' title='bbox 515 639 553 702; x_wconf 94' lang='lat' dir='ltr'>et</span> <span class='ocrx_word' id='word_1_16' title='bbox 579 633 800 725; x_wconf 87' lang='lat' dir='ltr'>imperviam.</span> <span class='ocrx_word' id='word_1_17' title='bbox 853 630 958 714; x_wconf 87' lang='lat' dir='ltr'>Quod</span> <span class='ocrx_word' id='word_1_18' title='bbox 983 636 1127 724; x_wconf 84' lang='lat' dir='ltr'>stupore</span> <span class='ocrx_word' id='word_1_19' title='bbox 1150 651 1239 722; x_wconf 90' lang='lat' dir='ltr'>qno-</span> 
     </span>
     <span class='ocr_line' id='line_1_4' title="bbox 132 745 1240 842; baseline -0.003 -24"><span class='ocrx_word' id='word_1_20' title='bbox 132 747 214 818; x_wconf 84' lang='lat' dir='ltr'>durn</span> <span class='ocrx_word' id='word_1_21' title='bbox 241 747 401 818; x_wconf 81' lang='lat' dir='ltr'>animum</span> <span class='ocrx_word' id='word_1_22' title='bbox 426 747 494 818; x_wconf 91' lang='lat' dir='ltr'>rite</span> <span class='ocrx_word' id='word_1_23' title='bbox 519 769 594 817; x_wconf 92' lang='lat' dir='ltr'>rem</span> <span class='ocrx_word' id='word_1_24' title='bbox 621 749 801 840; x_wconf 90' lang='lat' dir='ltr'>reputanti</span> <span class='ocrx_word' id='word_1_25' title='bbox 831 745 1060 842; x_wconf 89' lang='lat' dir='ltr'>perculserit;</span> <span class='ocrx_word' id='word_1_26' title='bbox 1086 769 1158 817; x_wconf 92' lang='lat' dir='ltr'>non</span> <span class='ocrx_word' id='word_1_27' title='bbox 1175 745 1240 816; x_wconf 94' lang='lat' dir='ltr'>ulli</span> 
     </span>
     <span class='ocr_line' id='line_1_5' title="bbox 133 860 1242 948; baseline -0.003 -12"><span class='ocrx_word' id='word_1_28' title='bbox 133 863 339 938; x_wconf 75' lang='lat' dir='ltr'>mortalium</span> <span class='ocrx_word' id='word_1_29' title='bbox 357 887 449 934; x_wconf 85' lang='lat' dir='ltr'>cnrae</span> <span class='ocrx_word' id='word_1_30' title='bbox 465 871 528 936; x_wconf 88' lang='lat' dir='ltr'>uut</span> <span class='ocrx_word' id='word_1_31' title='bbox 545 864 642 934; x_wconf 90' lang='lat' dir='ltr'>cordi</span> <span class='ocrx_word' id='word_1_32' title='bbox 660 864 780 948; x_wconf 83' lang='lat' dir='ltr'>fuisse,</span> <span class='ocrx_word' id='word_1_33' title='bbox 800 874 840 935; x_wconf 92' lang='lat' dir='ltr'>ut</span> <span class='ocrx_word' id='word_1_34' title='bbox 863 861 1062 934; x_wconf 88' lang='lat' dir='ltr'>intellectui</span> <span class='ocrx_word' id='word_1_35' title='bbox 1086 860 1242 933; x_wconf 89' lang='lat' dir='ltr'>humano</span> 
     </span>
     <span class='ocr_line' id='line_1_6' title="bbox 134 978 1244 1073; baseline -0.002 -21"><span class='ocrx_word' id='word_1_36' title='bbox 134 981 179 1052; x_wconf 84' lang='lat' dir='ltr'>sb</span> <span class='ocrx_word' id='word_1_37' title='bbox 204 981 282 1073; x_wconf 85' lang='lat' dir='ltr'>ipso</span> <span class='ocrx_word' id='word_1_38' title='bbox 307 1002 412 1050; x_wconf 88' lang='lat' dir='ltr'>sensu</span> <span class='ocrx_word' id='word_1_39' title='bbox 439 987 477 1050; x_wconf 89' lang='lat' dir='ltr'>et</span> <span class='ocrx_word' id='word_1_40' title='bbox 500 981 720 1073; x_wconf 80' lang='lat' dir='ltr'>experientia</span> <span class='ocrx_word' id='word_1_41' title='bbox 740 982 902 1052; x_wconf 87' lang='lat' dir='ltr'>ordinata</span> <span class='ocrx_word' id='word_1_42' title='bbox 926 987 964 1050; x_wconf 93' lang='lat' dir='ltr'>et</span> <span class='ocrx_word' id='word_1_43' title='bbox 985 978 1077 1050; x_wconf 88' lang='lat' dir='ltr'>bene</span> <span class='ocrx_word' id='word_1_44' title='bbox 1100 978 1244 1050; x_wconf 78' lang='lat' dir='ltr'>condita</span> 
     </span>
     <span class='ocr_line' id='line_1_7' title="bbox 135 1095 1241 1189; baseline 0.001 -24"><span class='ocrx_word' id='word_1_45' title='bbox 135 1096 191 1165; x_wconf 87' lang='lat' dir='ltr'>via</span> <span class='ocrx_word' id='word_1_46' title='bbox 206 1095 406 1189; x_wconf 84' lang='lat' dir='ltr'>aperiretur</span> <span class='ocrx_word' id='word_1_47' title='bbox 421 1104 459 1165; x_wconf 89' lang='lat' dir='ltr'>et</span> <span class='ocrx_word' id='word_1_48' title='bbox 475 1095 699 1178; x_wconf 77' lang='lat' dir='ltr'>muniretnr;</span> <span class='ocrx_word' id='word_1_49' title='bbox 725 1096 787 1166; x_wconf 90' lang='lat' dir='ltr'>sed</span> <span class='ocrx_word' id='word_1_50' title='bbox 804 1096 923 1166; x_wconf 89' lang='lat' dir='ltr'>omnia</span> <span class='ocrx_word' id='word_1_51' title='bbox 936 1095 992 1165; x_wconf 88' lang='lat' dir='ltr'>vel</span> <span class='ocrx_word' id='word_1_52' title='bbox 1010 1095 1241 1166; x_wconf 70' lang='lat' dir='ltr'><strong>traditionum</strong></span> 
     </span>
     <span class='ocr_line' id='line_1_8' title="bbox 136 1210 1242 1307; baseline 0 -25"><span class='ocrx_word' id='word_1_53' title='bbox 136 1210 291 1306; x_wconf 81' lang='lat' dir='ltr'>caligini,</span> <span class='ocrx_word' id='word_1_54' title='bbox 321 1210 379 1282; x_wconf 95' lang='lat' dir='ltr'>vel</span> <span class='ocrx_word' id='word_1_55' title='bbox 414 1220 703 1307; x_wconf 88' lang='lat' dir='ltr'>argumentorum</span> <span class='ocrx_word' id='word_1_56' title='bbox 739 1211 905 1307; x_wconf 83' lang='lat' dir='ltr'>vertigini</span> <span class='ocrx_word' id='word_1_57' title='bbox 939 1221 977 1282; x_wconf 88' lang='lat' dir='ltr'>et</span> <span class='ocrx_word' id='word_1_58' title='bbox 1012 1210 1155 1293; x_wconf 89' lang='lat' dir='ltr'>turbini,</span> <span class='ocrx_word' id='word_1_59' title='bbox 1186 1211 1242 1282; x_wconf 89' lang='lat' dir='ltr'>vel</span> 
     </span>
     <span class='ocr_line' id='line_1_9' title="bbox 136 1327 1244 1423; baseline -0.001 -24"><span class='ocrx_word' id='word_1_60' title='bbox 136 1349 238 1399; x_wconf 86' lang='lat' dir='ltr'>casus</span> <span class='ocrx_word' id='word_1_61' title='bbox 255 1335 294 1398; x_wconf 90' lang='lat' dir='ltr'>et</span> <span class='ocrx_word' id='word_1_62' title='bbox 310 1329 538 1420; x_wconf 87' lang='lat' dir='ltr'>experientiae</span> <span class='ocrx_word' id='word_1_63' title='bbox 556 1351 651 1423; x_wconf 84' lang='lat' dir='ltr'>vagae</span> <span class='ocrx_word' id='word_1_64' title='bbox 674 1338 712 1399; x_wconf 87' lang='lat' dir='ltr'>et</span> <span class='ocrx_word' id='word_1_65' title='bbox 735 1329 926 1399; x_wconf 70' lang='lat' dir='ltr'>incondite</span> <span class='ocrx_word' id='word_1_66' title='bbox 947 1327 1051 1398; x_wconf 90' lang='lat' dir='ltr'>undis</span> <span class='ocrx_word' id='word_1_67' title='bbox 1069 1337 1107 1397; x_wconf 90' lang='lat' dir='ltr'>et</span> <span class='ocrx_word' id='word_1_68' title='bbox 1123 1327 1244 1398; x_wconf 81' lang='lat' dir='ltr'>umba·</span> 
     </span>
     <span class='ocr_line' id='line_1_10' title="bbox 136 1443 1244 1539; baseline 0.002 -25"><span class='ocrx_word' id='word_1_69' title='bbox 136 1445 252 1538; x_wconf 87' lang='lat' dir='ltr'>gibus,</span> <span class='ocrx_word' id='word_1_70' title='bbox 283 1444 453 1536; x_wconf 84' lang='lat' dir='ltr'>permissu</span> <span class='ocrx_word' id='word_1_71' title='bbox 482 1465 568 1515; x_wconf 89' lang='lat' dir='ltr'>esse.</span> <span class='ocrx_word' id='word_1_72' title='bbox 625 1443 749 1537; x_wconf 86' lang='lat' dir='ltr'>Atque</span> <span class='ocrx_word' id='word_1_73' title='bbox 781 1445 918 1539; x_wconf 75' lang='lat' dir='ltr'>cogitet</span> <span class='ocrx_word' id='word_1_74' title='bbox 949 1446 1028 1538; x_wconf 88' lang='lat' dir='ltr'>quis</span> <span class='ocrx_word' id='word_1_75' title='bbox 1057 1443 1172 1516; x_wconf 89' lang='lat' dir='ltr'>sobrie</span> <span class='ocrx_word' id='word_1_76' title='bbox 1205 1453 1244 1516; x_wconf 92' lang='lat' dir='ltr'>et</span> 
     </span>
     <span class='ocr_line' id='line_1_11' title="bbox 138 1558 1244 1654; baseline 0 -23"><span class='ocrx_word' id='word_1_77' title='bbox 138 1560 339 1654; x_wconf 84' lang='lat' dir='ltr'>diligenter,</span> <span class='ocrx_word' id='word_1_78' title='bbox 366 1558 479 1653; x_wconf 87' lang='lat' dir='ltr'>qualis</span> <span class='ocrx_word' id='word_1_79' title='bbox 509 1561 556 1632; x_wconf 91' lang='lat' dir='ltr'>sit</span> <span class='ocrx_word' id='word_1_80' title='bbox 583 1583 626 1632; x_wconf 88' lang='lat' dir='ltr'>ea</span> <span class='ocrx_word' id='word_1_81' title='bbox 653 1561 720 1642; x_wconf 85' lang='lat' dir='ltr'>viu,</span> <span class='ocrx_word' id='word_1_82' title='bbox 749 1585 855 1654; x_wconf 90' lang='lat' dir='ltr'>quam</span> <span class='ocrx_word' id='word_1_83' title='bbox 883 1564 920 1632; x_wconf 94' lang='lat' dir='ltr'>in</span> <span class='ocrx_word' id='word_1_84' title='bbox 950 1562 1179 1654; x_wconf 80' lang='lat' dir='ltr'>inquisitione</span> <span class='ocrx_word' id='word_1_85' title='bbox 1206 1568 1244 1631; x_wconf 89' lang='lat' dir='ltr'>et</span> 
     </span>
     <span class='ocr_line' id='line_1_12' title="bbox 138 1672 1243 1768; baseline 0.001 -21"><span class='ocrx_word' id='word_1_86' title='bbox 138 1672 346 1748; x_wconf 82' lang='lat' dir='ltr'>inventione</span> <span class='ocrx_word' id='word_1_87' title='bbox 361 1674 510 1768; x_wconf 86' lang='lat' dir='ltr'>alicujus</span> <span class='ocrx_word' id='word_1_88' title='bbox 532 1678 582 1746; x_wconf 90' lang='lat' dir='ltr'>rei</span> <span class='ocrx_word' id='word_1_89' title='bbox 608 1675 769 1749; x_wconf 92' lang='lat' dir='ltr'>homines</span> <span class='ocrx_word' id='word_1_90' title='bbox 785 1677 955 1750; x_wconf 83' lang='lat' dir='ltr'>adbibere</span> <span class='ocrx_word' id='word_1_91' title='bbox 973 1685 1243 1749; x_wconf 89' lang='lat' dir='ltr'>consueverunt.</span> 
     </span>
     <span class='ocr_line' id='line_1_13' title="bbox 140 1791 1244 1886; baseline 0.001 -24"><span class='ocrx_word' id='word_1_92' title='bbox 140 1791 190 1863; x_wconf 83' lang='lat' dir='ltr'>llt</span> <span class='ocrx_word' id='word_1_93' title='bbox 208 1791 322 1884; x_wconf 91' lang='lat' dir='ltr'>primo</span> <span class='ocrx_word' id='word_1_94' title='bbox 338 1793 479 1863; x_wconf 90' lang='lat' dir='ltr'>notabit</span> <span class='ocrx_word' id='word_1_95' title='bbox 500 1791 733 1886; x_wconf 89' lang='lat' dir='ltr'>proculdubio</span> <span class='ocrx_word' id='word_1_96' title='bbox 758 1794 962 1866; x_wconf 89' lang='lat' dir='ltr'>inveniendi</span> <span class='ocrx_word' id='word_1_97' title='bbox 986 1795 1134 1865; x_wconf 91' lang='lat' dir='ltr'>modum</span> <span class='ocrx_word' id='word_1_98' title='bbox 1160 1793 1244 1864; x_wconf 76' lang='lat' dir='ltr'>sim</span> 
     </span>
     <span class='ocr_line' id='line_1_14' title="bbox 139 1907 1246 2003; baseline 0.003 -25"><span class='ocrx_word' id='word_1_99' title='bbox 139 1907 272 2002; x_wconf 87' lang='lat' dir='ltr'>plieem</span> <span class='ocrx_word' id='word_1_100' title='bbox 306 1917 344 1979; x_wconf 92' lang='lat' dir='ltr'>et</span> <span class='ocrx_word' id='word_1_101' title='bbox 377 1909 653 1993; x_wconf 86' lang='lat' dir='ltr'>inartificiosum,</span> <span class='ocrx_word' id='word_1_102' title='bbox 680 1910 742 2003; x_wconf 92' lang='lat' dir='ltr'>qui</span> <span class='ocrx_word' id='word_1_103' title='bbox 770 1909 974 1982; x_wconf 91' lang='lat' dir='ltr'>hominibus</span> <span class='ocrx_word' id='word_1_104' title='bbox 1002 1909 1160 1982; x_wconf 84' lang='lat' dir='ltr'>maxime</span> <span class='ocrx_word' id='word_1_105' title='bbox 1189 1917 1246 1981; x_wconf 89' lang='lat' dir='ltr'>est</span> 
     </span>
     <span class='ocr_line' id='line_1_15' title="bbox 141 2020 1245 2121; baseline 0.001 -26"><span class='ocrx_word' id='word_1_106' title='bbox 141 2020 366 2096; x_wconf 63' lang='lat' dir='ltr'>familiarisw.</span> <span class='ocrx_word' id='word_1_107' title='bbox 418 2022 490 2096; x_wconf 90' lang='lat' dir='ltr'>Hic</span> <span class='ocrx_word' id='word_1_108' title='bbox 513 2035 635 2096; x_wconf 85' lang='lat' dir='ltr'>autem</span> <span class='ocrx_word' id='word_1_109' title='bbox 658 2048 729 2097; x_wconf 90' lang='lat' dir='ltr'>uon</span> <span class='ocrx_word' id='word_1_110' title='bbox 752 2025 842 2098; x_wconf 90' lang='lat' dir='ltr'>alius</span> <span class='ocrx_word' id='word_1_111' title='bbox 860 2036 924 2110; x_wconf 85' lang='lat' dir='ltr'>est,</span> <span class='ocrx_word' id='word_1_112' title='bbox 943 2049 1050 2121; x_wconf 90' lang='lat' dir='ltr'>quam</span> <span class='ocrx_word' id='word_1_113' title='bbox 1068 2034 1110 2097; x_wconf 94' lang='lat' dir='ltr'>ut</span> <span class='ocrx_word' id='word_1_114' title='bbox 1125 2027 1166 2111; x_wconf 86' lang='lat' dir='ltr'>is,</span> <span class='ocrx_word' id='word_1_115' title='bbox 1183 2027 1245 2120; x_wconf 91' lang='lat' dir='ltr'>qni</span> 
     </span>
     <span class='ocr_line' id='line_1_16' title="bbox 141 2141 1246 2237; baseline 0 -25"><span class='ocrx_word' id='word_1_116' title='bbox 141 2163 179 2212; x_wconf 89' lang='lat' dir='ltr'>se</span> <span class='ocrx_word' id='word_1_117' title='bbox 196 2141 513 2212; x_wconf 85' lang='lat' dir='ltr'>adinveniendum</span> <span class='ocrx_word' id='word_1_118' title='bbox 537 2141 670 2234; x_wconf 92' lang='lat' dir='ltr'>aliquid</span> <span class='ocrx_word' id='word_1_119' title='bbox 695 2153 878 2236; x_wconf 87' lang='lat' dir='ltr'>comparat</span> <span class='ocrx_word' id='word_1_120' title='bbox 895 2153 933 2212; x_wconf 89' lang='lat' dir='ltr'>et</span> <span class='ocrx_word' id='word_1_121' title='bbox 949 2143 1113 2237; x_wconf 81' lang='lat' dir='ltr'>accingit,</span> <span class='ocrx_word' id='word_1_122' title='bbox 1131 2143 1246 2237; x_wconf 91' lang='lat' dir='ltr'>primo</span> 
     </span>
     <span class='ocr_line' id='line_1_17' title="bbox 141 2256 1248 2352; baseline 0.001 -24"><span class='ocrx_word' id='word_1_123' title='bbox 141 2280 220 2349; x_wconf 77' lang='lat' dir='ltr'>quse</span> <span class='ocrx_word' id='word_1_124' title='bbox 233 2258 279 2328; x_wconf 89' lang='lat' dir='ltr'>ab</span> <span class='ocrx_word' id='word_1_125' title='bbox 292 2256 368 2328; x_wconf 83' lang='lat' dir='ltr'>eliis</span> <span class='ocrx_word' id='word_1_126' title='bbox 381 2257 475 2329; x_wconf 86' lang='lat' dir='ltr'>circa</span> <span class='ocrx_word' id='word_1_127' title='bbox 490 2256 552 2329; x_wconf 91' lang='lat' dir='ltr'>illa</span> <span class='ocrx_word' id='word_1_128' title='bbox 568 2259 666 2329; x_wconf 86' lang='lat' dir='ltr'>dicta</span> <span class='ocrx_word' id='word_1_129' title='bbox 682 2260 753 2330; x_wconf 87' lang='lat' dir='ltr'>sint</span> <span class='ocrx_word' id='word_1_130' title='bbox 770 2259 928 2352; x_wconf 91' lang='lat' dir='ltr'>inquirat</span> <span class='ocrx_word' id='word_1_131' title='bbox 944 2267 982 2328; x_wconf 90' lang='lat' dir='ltr'>et</span> <span class='ocrx_word' id='word_1_132' title='bbox 999 2258 1160 2341; x_wconf 86' lang='lat' dir='ltr'>evolvst;</span> <span class='ocrx_word' id='word_1_133' title='bbox 1186 2259 1248 2329; x_wconf 89' lang='lat' dir='ltr'>de-</span> 
     </span>
     <span class='ocr_line' id='line_1_18' title="bbox 142 2374 1248 2468; baseline 0.002 -24"><span class='ocrx_word' id='word_1_134' title='bbox 142 2374 227 2446; x_wconf 90' lang='lat' dir='ltr'>inde</span> <span class='ocrx_word' id='word_1_135' title='bbox 252 2375 430 2468; x_wconf 83' lang='lat' dir='ltr'>propriam</span> <span class='ocrx_word' id='word_1_136' title='bbox 455 2375 726 2446; x_wconf 75' lang='lat' dir='ltr'>meditationem</span> <span class='ocrx_word' id='word_1_137' title='bbox 751 2374 871 2458; x_wconf 86' lang='lat' dir='ltr'>addat,</span> <span class='ocrx_word' id='word_1_138' title='bbox 894 2382 1004 2467; x_wconf 89' lang='lat' dir='ltr'>atque</span> <span class='ocrx_word' id='word_1_139' title='bbox 1028 2397 1093 2467; x_wconf 90' lang='lat' dir='ltr'>per</span> <span class='ocrx_word' id='word_1_140' title='bbox 1117 2377 1248 2446; x_wconf 89' lang='lat' dir='ltr'>mentis</span> 
     </span>
     <span class='ocr_line' id='line_1_19' title="bbox 142 2491 1249 2585; baseline 0 -21"><span class='ocrx_word' id='word_1_141' title='bbox 142 2491 296 2565; x_wconf 82' lang='lat' dir='ltr'>multans</span> <span class='ocrx_word' id='word_1_142' title='bbox 313 2491 554 2585; x_wconf 73' lang='lat' dir='ltr'>agitationem,</span> <span class='ocrx_word' id='word_1_143' title='bbox 566 2491 730 2584; x_wconf 87' lang='lat' dir='ltr'>spiritum</span> <span class='ocrx_word' id='word_1_144' title='bbox 748 2513 852 2562; x_wconf 92' lang='lat' dir='ltr'>suum</span> <span class='ocrx_word' id='word_1_145' title='bbox 870 2493 1049 2585; x_wconf 90' lang='lat' dir='ltr'>proprium</span> <span class='ocrx_word' id='word_1_146' title='bbox 1068 2491 1249 2579; x_wconf 89' lang='lat' dir='ltr'>sollicitet,</span> 
     </span>
     <span class='ocr_line' id='line_1_20' title="bbox 143 2606 1250 2701; baseline 0 -23"><span class='ocrx_word' id='word_1_147' title='bbox 143 2617 182 2678; x_wconf 88' lang='lat' dir='ltr'>et</span> <span class='ocrx_word' id='word_1_148' title='bbox 199 2607 302 2700; x_wconf 84' lang='lat' dir='ltr'>quasi</span> <span class='ocrx_word' id='word_1_149' title='bbox 319 2609 473 2690; x_wconf 86' lang='lat' dir='ltr'>invocet,</span> <span class='ocrx_word' id='word_1_150' title='bbox 491 2615 532 2677; x_wconf 88' lang='lat' dir='ltr'>ut</span> <span class='ocrx_word' id='word_1_151' title='bbox 557 2606 622 2676; x_wconf 89' lang='lat' dir='ltr'>sibi</span> <span class='ocrx_word' id='word_1_152' title='bbox 649 2606 792 2678; x_wconf 89' lang='lat' dir='ltr'>oracula</span> <span class='ocrx_word' id='word_1_153' title='bbox 816 2608 967 2701; x_wconf 85' lang='lat' dir='ltr'>pandat:</span> <span class='ocrx_word' id='word_1_154' title='bbox 993 2631 1071 2700; x_wconf 81' lang='lat' dir='ltr'>quae</span> <span class='ocrx_word' id='word_1_155' title='bbox 1095 2631 1151 2680; x_wconf 91' lang='lat' dir='ltr'>res</span> <span class='ocrx_word' id='word_1_156' title='bbox 1173 2631 1250 2680; x_wconf 92' lang='lat' dir='ltr'>om·</span> 
     </span>
     <span class='ocr_line' id='line_1_21' title="bbox 144 2723 1248 2820; baseline -0.001 -23"><span class='ocrx_word' id='word_1_157' title='bbox 144 2727 233 2797; x_wconf 92' lang='lat' dir='ltr'>nino</span> <span class='ocrx_word' id='word_1_158' title='bbox 259 2725 334 2797; x_wconf 87' lang='lat' dir='ltr'>sine</span> <span class='ocrx_word' id='word_1_159' title='bbox 362 2723 595 2795; x_wconf 77' lang='lat' dir='ltr'>fundamento</span> <span class='ocrx_word' id='word_1_160' title='bbox 625 2733 690 2808; x_wconf 87' lang='lat' dir='ltr'>est,</span> <span class='ocrx_word' id='word_1_161' title='bbox 718 2727 822 2797; x_wconf 90' lang='lat' dir='ltr'>etin</span> <span class='ocrx_word' id='word_1_162' title='bbox 853 2724 1077 2820; x_wconf 86' lang='lat' dir='ltr'>opinionibus</span> <span class='ocrx_word' id='word_1_163' title='bbox 1107 2735 1248 2798; x_wconf 89' lang='lat' dir='ltr'>tantum</span> 
     </span>
     <span class='ocr_line' id='line_1_22' title="bbox 145 2841 312 2913; baseline -0.006 -2"><span class='ocrx_word' id='word_1_164' title='bbox 145 2841 312 2913; x_wconf 87' lang='lat' dir='ltr'>volvitur.</span> 
     </span>
    </p>

    <p class='ocr_par' dir='ltr' id='par_1_3' title="bbox 145 2955 1255 3869">
     <span class='ocr_line' id='line_1_23' title="bbox 198 2955 1253 3051; baseline 0.001 -23"><span class='ocrx_word' id='word_1_165' title='bbox 198 2956 254 3028; x_wconf 90' lang='lat' dir='ltr'>At</span> <span class='ocrx_word' id='word_1_166' title='bbox 273 2956 363 3027; x_wconf 89' lang='lat' dir='ltr'>alius</span> <span class='ocrx_word' id='word_1_167' title='bbox 386 2957 560 3051; x_wconf 83' lang='lat' dir='ltr'>quispiam</span> <span class='ocrx_word' id='word_1_168' title='bbox 583 2955 838 3029; x_wconf 87' lang='lat' dir='ltr'>dialecticam⁷¹</span> <span class='ocrx_word' id='word_1_169' title='bbox 856 2959 899 3030; x_wconf 87' lang='lat' dir='ltr'>ad</span> <span class='ocrx_word' id='word_1_170' title='bbox 917 2960 1172 3032; x_wconf 90' lang='lat' dir='ltr'>inveniendum</span> <span class='ocrx_word' id='word_1_171' title='bbox 1189 2958 1253 3030; x_wconf 91' lang='lat' dir='ltr'>ad·</span> 
     </span>
     <span class='ocr_line' id='line_1_24' title="bbox 147 3075 1253 3170; baseline -0.003 -23"><span class='ocrx_word' id='word_1_172' title='bbox 147 3083 263 3155; x_wconf 89' lang='lat' dir='ltr'>vocet,</span> <span class='ocrx_word' id='word_1_173' title='bbox 288 3097 366 3166; x_wconf 88' lang='lat' dir='ltr'>quae</span> <span class='ocrx_word' id='word_1_174' title='bbox 396 3075 540 3146; x_wconf 92' lang='lat' dir='ltr'>nomine</span> <span class='ocrx_word' id='word_1_175' title='bbox 571 3082 674 3145; x_wconf 90' lang='lat' dir='ltr'>tenus</span> <span class='ocrx_word' id='word_1_176' title='bbox 703 3084 843 3146; x_wconf 86' lang='lat' dir='ltr'>tantum</span> <span class='ocrx_word' id='word_1_177' title='bbox 873 3075 917 3144; x_wconf 88' lang='lat' dir='ltr'>ad</span> <span class='ocrx_word' id='word_1_178' title='bbox 946 3075 984 3144; x_wconf 87' lang='lat' dir='ltr'>id</span> <span class='ocrx_word' id='word_1_179' title='bbox 1010 3076 1105 3168; x_wconf 91' lang='lat' dir='ltr'>quod</span> <span class='ocrx_word' id='word_1_180' title='bbox 1135 3075 1253 3170; x_wconf 86' lang='lat' dir='ltr'>agitur</span> 
     </span>
     <span class='ocr_line' id='line_1_25' title="bbox 146 3189 1252 3287; baseline 0 -25"><span class='ocrx_word' id='word_1_181' title='bbox 146 3192 316 3287; x_wconf 85' lang='lat' dir='ltr'>pertinet.</span> <span class='ocrx_word' id='word_1_182' title='bbox 369 3189 536 3261; x_wconf 87' lang='lat' dir='ltr'>Iuventio</span> <span class='ocrx_word' id='word_1_183' title='bbox 553 3191 649 3261; x_wconf 90' lang='lat' dir='ltr'>enim</span> <span class='ocrx_word' id='word_1_184' title='bbox 668 3189 863 3261; x_wconf 72' lang='lat' dir='ltr'>dialecticae</span> <span class='ocrx_word' id='word_1_185' title='bbox 889 3213 961 3261; x_wconf 92' lang='lat' dir='ltr'>non</span> <span class='ocrx_word' id='word_1_186' title='bbox 984 3201 1039 3260; x_wconf 87' lang='lat' dir='ltr'>est</span> <span class='ocrx_word' id='word_1_187' title='bbox 1064 3192 1252 3284; x_wconf 90' lang='lat' dir='ltr'>principio·</span> 
     </span>
     <span class='ocr_line' id='line_1_26' title="bbox 147 3304 1254 3399; baseline -0.001 -21"><span class='ocrx_word' id='word_1_188' title='bbox 147 3329 229 3378; x_wconf 89' lang='lat' dir='ltr'>rum</span> <span class='ocrx_word' id='word_1_189' title='bbox 248 3315 286 3378; x_wconf 87' lang='lat' dir='ltr'>et</span> <span class='ocrx_word' id='word_1_190' title='bbox 302 3307 520 3379; x_wconf 85' lang='lat' dir='ltr'>axiomatum</span> <span class='ocrx_word' id='word_1_191' title='bbox 544 3307 811 3399; x_wconf 69' lang='lat' dir='ltr'>praecipuorum,</span> <span class='ocrx_word' id='word_1_192' title='bbox 830 3329 877 3376; x_wconf 86' lang='lat' dir='ltr'>ex</span> <span class='ocrx_word' id='word_1_193' title='bbox 898 3304 1026 3398; x_wconf 89' lang='lat' dir='ltr'>quibus</span> <span class='ocrx_word' id='word_1_194' title='bbox 1051 3315 1144 3377; x_wconf 86' lang='lat' dir='ltr'>artes</span> <span class='ocrx_word' id='word_1_195' title='bbox 1169 3330 1254 3377; x_wconf 88' lang='lat' dir='ltr'>cun·</span> 
     </span>
     <span class='ocr_line' id='line_1_27' title="bbox 145 3419 1255 3512; baseline -0.001 -17"><span class='ocrx_word' id='word_1_196' title='bbox 145 3433 257 3503; x_wconf 86' lang='lat' dir='ltr'>stant,</span> <span class='ocrx_word' id='word_1_197' title='bbox 275 3423 336 3494; x_wconf 89' lang='lat' dir='ltr'>sed</span> <span class='ocrx_word' id='word_1_198' title='bbox 360 3445 482 3494; x_wconf 90' lang='lat' dir='ltr'>eorum</span> <span class='ocrx_word' id='word_1_199' title='bbox 507 3430 756 3512; x_wconf 75' lang='lat' dir='ltr'>tantumque</span> <span class='ocrx_word' id='word_1_200' title='bbox 782 3419 851 3492; x_wconf 91' lang='lat' dir='ltr'>illis</span> <span class='ocrx_word' id='word_1_201' title='bbox 877 3432 1115 3493; x_wconf 86' lang='lat' dir='ltr'>consentanea</span> <span class='ocrx_word' id='word_1_202' title='bbox 1132 3422 1255 3494; x_wconf 92' lang='lat' dir='ltr'>viden·</span> 
     </span>
     <span class='ocr_line' id='line_1_28' title="bbox 148 3537 1253 3633; baseline -0.001 -20"><span class='ocrx_word' id='word_1_203' title='bbox 148 3552 221 3613; x_wconf 91' lang='lat' dir='ltr'>tur.</span> <span class='ocrx_word' id='word_1_204' title='bbox 272 3537 469 3612; x_wconf 85' lang='lat' dir='ltr'>Dialectira</span> <span class='ocrx_word' id='word_1_205' title='bbox 485 3539 582 3610; x_wconf 86' lang='lat' dir='ltr'>enirn</span> <span class='ocrx_word' id='word_1_206' title='bbox 599 3539 711 3633; x_wconf 87' lang='lat' dir='ltr'>magis</span> <span class='ocrx_word' id='word_1_207' title='bbox 729 3537 884 3609; x_wconf 89' lang='lat' dir='ltr'>curiosos</span> <span class='ocrx_word' id='word_1_208' title='bbox 905 3546 943 3608; x_wconf 91' lang='lat' dir='ltr'>et</span> <span class='ocrx_word' id='word_1_209' title='bbox 966 3540 1196 3632; x_wconf 88' lang='lat' dir='ltr'>importunos,</span> <span class='ocrx_word' id='word_1_210' title='bbox 1215 3547 1253 3611; x_wconf 91' lang='lat' dir='ltr'>et</span> 
     </span>
     <span class='ocr_line' id='line_1_29' title="bbox 149 3654 1253 3751; baseline -0.001 -22"><span class='ocrx_word' id='word_1_211' title='bbox 149 3659 216 3729; x_wconf 89' lang='lat' dir='ltr'>sibi</span> <span class='ocrx_word' id='word_1_212' title='bbox 253 3656 437 3751; x_wconf 88' lang='lat' dir='ltr'>negotium</span> <span class='ocrx_word' id='word_1_213' title='bbox 470 3655 693 3733; x_wconf 79' lang='lat' dir='ltr'>incessentes,</span> <span class='ocrx_word' id='word_1_214' title='bbox 723 3677 873 3747; x_wconf 90' lang='lat' dir='ltr'>eamque</span> <span class='ocrx_word' id='word_1_215' title='bbox 907 3654 1173 3749; x_wconf 88' lang='lat' dir='ltr'>interpellantes</span> <span class='ocrx_word' id='word_1_216' title='bbox 1208 3656 1253 3728; x_wconf 88' lang='lat' dir='ltr'>de</span> 
     </span>
     <span class='ocr_line' id='line_1_30' title="bbox 149 3770 1255 3869; baseline -0.002 -23"><span class='ocrx_word' id='word_1_217' title='bbox 149 3771 418 3869; x_wconf 88' lang='lat' dir='ltr'>probationibus</span> <span class='ocrx_word' id='word_1_218' title='bbox 441 3779 479 3842; x_wconf 89' lang='lat' dir='ltr'>et</span> <span class='ocrx_word' id='word_1_219' title='bbox 500 3770 764 3843; x_wconf 89' lang='lat' dir='ltr'>inventionibus</span> <span class='ocrx_word' id='word_1_220' title='bbox 784 3771 1048 3866; x_wconf 88' lang='lat' dir='ltr'>principiorum,</span> <span class='ocrx_word' id='word_1_221' title='bbox 1065 3774 1138 3846; x_wconf 90' lang='lat' dir='ltr'>sive</span> <span class='ocrx_word' id='word_1_222' title='bbox 1155 3775 1255 3845; x_wconf 84' lang='lat' dir='ltr'>axio·</span> 
     </span>
    </p>
   </div>
   <div class='ocr_carea' id='block_1_3' title="bbox 151 4059 1256 4446">
    <p class='ocr_par' dir='ltr' id='par_1_4' title="bbox 151 4059 1256 4446">
     <span class='ocr_line' id='line_1_31' title="bbox 187 4059 1254 4135; baseline -0.002 -17"><span class='ocrx_word' id='word_1_223' title='bbox 187 4062 214 4104; x_wconf 88' lang='lat'>⁷⁰</span> <span class='ocrx_word' id='word_1_224' title='bbox 225 4059 682 4134; x_wconf 82' lang='lat' dir='ltr'>(1)Tbiscrrorintberneansnsed</span> <span class='ocrx_word' id='word_1_225' title='bbox 722 4060 881 4132; x_wconf 66' lang='lat' dir='ltr'>satigntim</span> <span class='ocrx_word' id='word_1_226' title='bbox 892 4061 924 4116; x_wconf 82' lang='lat' dir='ltr'>os</span> <span class='ocrx_word' id='word_1_227' title='bbox 933 4061 978 4118; x_wconf 81' lang='lat' dir='ltr'>the</span> <span class='ocrx_word' id='word_1_228' title='bbox 990 4063 1113 4135; x_wconf 88' lang='lat' dir='ltr'>opinions</span> <span class='ocrx_word' id='word_1_229' title='bbox 1124 4063 1155 4118; x_wconf 79' lang='lat' dir='ltr'>ot</span> <span class='ocrx_word' id='word_1_230' title='bbox 1164 4061 1254 4118; x_wconf 87' lang='lat' dir='ltr'>others</span> 
     </span>
     <span class='ocr_line' id='line_1_32' title="bbox 151 4139 1126 4214; baseline -0.002 -16"><span class='ocrx_word' id='word_1_231' title='bbox 151 4143 194 4198; x_wconf 80' lang='lat' dir='ltr'>for</span> <span class='ocrx_word' id='word_1_232' title='bbox 200 4142 339 4214; x_wconf 80' lang='lat' dir='ltr'>discovery</span> <span class='ocrx_word' id='word_1_233' title='bbox 345 4141 475 4206; x_wconf 69' lang='lat' dir='ltr'>ol&#39;lbnth,</span> <span class='ocrx_word' id='word_1_234' title='bbox 483 4140 683 4212; x_wconf 82' lang='lat' dir='ltr'>istbstrusting</span> <span class='ocrx_word' id='word_1_235' title='bbox 723 4157 780 4194; x_wconf 81' lang='lat' dir='ltr'>was</span> <span class='ocrx_word' id='word_1_236' title='bbox 788 4157 840 4195; x_wconf 89' lang='lat' dir='ltr'>ons</span> <span class='ocrx_word' id='word_1_237' title='bbox 851 4139 921 4195; x_wconf 75' lang='lat' dir='ltr'>iorni</span> <span class='ocrx_word' id='word_1_238' title='bbox 932 4141 963 4196; x_wconf 82' lang='lat' dir='ltr'>of</span> <span class='ocrx_word' id='word_1_239' title='bbox 974 4141 1126 4199; x_wconf 87' lang='lat' dir='ltr'>Induction.</span> 
     </span>
     <span class='ocr_line' id='line_1_33' title="bbox 151 4216 1255 4292; baseline -0.005 -15"><span class='ocrx_word' id='word_1_240' title='bbox 151 4221 364 4285; x_wconf 80' lang='lat' dir='ltr'>toAuthoritics,</span> <span class='ocrx_word' id='word_1_241' title='bbox 372 4220 461 4276; x_wconf 85' lang='lat' dir='ltr'>rstber</span> <span class='ocrx_word' id='word_1_242' title='bbox 469 4219 534 4275; x_wconf 83' lang='lat' dir='ltr'>than</span> <span class='ocrx_word' id='word_1_243' title='bbox 544 4220 684 4292; x_wconf 79' lang='lat' dir='ltr'>oppesliug</span> <span class='ocrx_word' id='word_1_244' title='bbox 760 4216 782 4258; x_wconf 86' lang='lat'>⁷¹</span> <span class='ocrx_word' id='word_1_245' title='bbox 797 4219 838 4288; x_wconf 82' lang='grc' dir='ltr'>(ι)</span> <span class='ocrx_word' id='word_1_246' title='bbox 849 4219 916 4274; x_wconf 83' lang='lat' dir='ltr'>This</span> <span class='ocrx_word' id='word_1_247' title='bbox 924 4237 996 4276; x_wconf 83' lang='lat' dir='ltr'>error</span> <span class='ocrx_word' id='word_1_248' title='bbox 1007 4221 1030 4276; x_wconf 87' lang='lat' dir='ltr'>is</span> <span class='ocrx_word' id='word_1_249' title='bbox 1039 4222 1137 4292; x_wconf 82' lang='lat' dir='ltr'>utterly</span> <span class='ocrx_word' id='word_1_250' title='bbox 1144 4218 1255 4274; x_wconf 65' lang='lat' dir='ltr'>nunus.</span> 
     </span>
     <span class='ocr_line' id='line_1_34' title="bbox 152 4297 1256 4356; baseline -0.005 0"><span class='ocrx_word' id='word_1_251' title='bbox 152 4311 181 4356; x_wconf 86' lang='lat' dir='ltr'>to</span> <span class='ocrx_word' id='word_1_252' title='bbox 202 4301 279 4356; x_wconf 70' lang='lat' dir='ltr'>lucu.</span> <span class='ocrx_word' id='word_1_253' title='bbox 318 4299 359 4355; x_wconf 80' lang='lat' dir='ltr'>Ol</span> <span class='ocrx_word' id='word_1_254' title='bbox 376 4298 429 4354; x_wconf 85' lang='lat' dir='ltr'>this</span> <span class='ocrx_word' id='word_1_255' title='bbox 448 4299 576 4354; x_wconf 79' lang='lat' dir='ltr'>Aristotle</span> <span class='ocrx_word' id='word_1_256' title='bbox 594 4315 684 4354; x_wconf 77' lang='lat' dir='ltr'>vasa</span> <span class='ocrx_word' id='word_1_257' title='bbox 727 4297 868 4353; x_wconf 81' lang='lat' dir='ltr'>Dialectics</span> <span class='ocrx_word' id='word_1_258' title='bbox 885 4299 912 4351; x_wconf 93' lang='lat' dir='ltr'>in</span> <span class='ocrx_word' id='word_1_259' title='bbox 931 4298 1088 4354; x_wconf 85' lang='lat' dir='ltr'>themselves</span> <span class='ocrx_word' id='word_1_260' title='bbox 1107 4315 1156 4352; x_wconf 81' lang='lat' dir='ltr'>can</span> <span class='ocrx_word' id='word_1_261' title='bbox 1175 4311 1256 4350; x_wconf 83' lang='lat' dir='ltr'>never</span> 
     </span>
     <span class='ocr_line' id='line_1_35' title="bbox 152 4375 1256 4446; baseline -0.005 -13"><span class='ocrx_word' id='word_1_262' title='bbox 152 4379 261 4436; x_wconf 83' lang='lat' dir='ltr'>nntnble</span> <span class='ocrx_word' id='word_1_263' title='bbox 272 4380 400 4434; x_wconf 70' lang='lat' dir='ltr'>inemec</span> <span class='ocrx_word' id='word_1_264' title='bbox 432 4377 508 4433; x_wconf 86' lang='lat' dir='ltr'>With</span> <span class='ocrx_word' id='word_1_265' title='bbox 518 4377 685 4433; x_wconf 85' lang='lat' dir='ltr'>bimtbein·</span> <span class='ocrx_word' id='word_1_266' title='bbox 726 4376 800 4432; x_wconf 87' lang='lat' dir='ltr'>beol&#39;</span> <span class='ocrx_word' id='word_1_267' title='bbox 808 4375 853 4432; x_wconf 84' lang='lat' dir='ltr'>the</span> <span class='ocrx_word' id='word_1_268' title='bbox 866 4375 991 4446; x_wconf 83' lang='lat' dir='ltr'>sligbtest</span> <span class='ocrx_word' id='word_1_269' title='bbox 1004 4394 1050 4430; x_wconf 87' lang='lat' dir='ltr'>use</span> <span class='ocrx_word' id='word_1_270' title='bbox 1063 4377 1090 4429; x_wconf 93' lang='lat' dir='ltr'>in</span> <span class='ocrx_word' id='word_1_271' title='bbox 1101 4375 1256 4445; x_wconf 83' lang='lat' dir='ltr'>Disoovery.</span> 
     </span>
    </p>
   </div>
   <div class='ocr_carea' id='block_1_4' title="bbox 0 0 1572 5180">
    <p class='ocr_par' dir='ltr' id='par_1_5' title="bbox 0 0 1572 5180">
     <span class='ocr_line' id='line_1_36' title="bbox 0 0 1572 5180; baseline 0 0"><span class='ocrx_word' id='word_1_272' title='bbox 0 0 1572 5180; x_wconf 95' lang='lat' dir='ltr'> </span> 
     </span>
    </p>
   </div>
  </div>
 </body>
</html>
