3268 5146
353 321 419 388 ets
682 319 859 386 NOVUM
881 317 1129 390 ORGANUM.

354 484 469 578 primo
495 483 686 580 diligenter
712 484 921 578 inquisitum
948 483 1067 568 fuerit,
1088 490 1211 559 utrum
1241 483 1354 577 ponit
1384 504 1461 558 eme

355 600 437 674 talis
456 600 693 697 heterogenea
711 601 805 674 inter
826 599 1009 694 spiritalia,
1027 599 1141 694 qualis
1162 599 1346 676 invenitur
1366 599 1462 674 inter

354 717 508 812 liquide:
524 739 607 792 nam
625 724 703 791 tum
721 718 866 792 demum
883 717 958 792 lraeo
975 716 1164 791 simulaorn
1177 739 1244 812 per
1259 717 1460 812 analogiam

353 857 426 909 nnn
444 835 670 909 incommode
686 833 958 910 substituentur.

404 947 527 1044 Atque
550 952 596 1022 de
619 949 797 1024 instantiis
818 952 898 1024 istie
916 948 1151 1046 supplementi,
1168 950 1266 1044 quod
1290 950 1460 1034 diximus,

354 1068 644 1142 internetionem
668 1069 715 1140 eb
739 1067 782 1140 iis
806 1068 1039 1144 hauriendam
1064 1089 1150 1152 mne,
1171 1069 1316 1162 quando
1341 1069 1461 1142 desint

355 1185 532 1264 instantiae
557 1185 716 1278 propriae,
742 1183 821 1261 loeo
841 1182 1025 1282 perfugii,·
1049 1183 1281 1264 nihilominus
1306 1183 1461 1280 intelligi

355 1299 529 1382 volumus,
546 1301 641 1393 quod
668 1298 738 1372 illae
760 1300 870 1376 etiam
890 1300 1011 1395 magni
1036 1302 1110 1375 sint
1130 1301 1354 1385 panaetium
1377 1323 1461 1372 eum

354 1419 506 1511 propriae
523 1418 702 1490 instantias
718 1417 857 1505 adrine
881 1417 927 1490 ad
945 1417 1178 1492 roborandum
1196 1417 1335 1492 soilioet
1352 1418 1463 1490 infor·

354 1535 550 1608 mationem
574 1556 645 1606 una
666 1555 750 1606 eum
772 1534 931 1627 propriis.
983 1533 1122 1608 Verum
1146 1534 1194 1608 de
1217 1533 1274 1606 hie
1298 1535 1463 1610 munus

355 1649 525 1733 ditemus,
548 1649 690 1741 quando
717 1649 761 1724 ad
791 1647 1005 1722 &minoeia
1032 1648 1245 1724 inductione
1274 1651 1464 1732 traotanda

354 1786 470 1838 sermo
487 1765 612 1841 ordine
629 1763 808 1840 dilabetur
817 1763 856 1840 ⁴⁹.

409 2097 511 2170 Inter
524 2099 777 2198 prmogatirae
799 2099 1058 2186 instantiarum,
1074 2123 1247 2198 ponemus
1270 2100 1351 2175 loeo
1369 2104 1464 2180 vioe·

355 2215 445 2287 simo
470 2214 655 2288 instantias
674 2224 916 2312 personanter:
941 2240 1028 2312 quae
1053 2219 1162 2290 etiam
1186 2217 1373 2292 imiamins
1396 2218 1464 2296 rel·

355 2329 496 2403 licentes
529 2332 708 2425 appellare
746 2333 1006 2418 consuevimus,
1041 2334 1104 2405 sed
1139 2334 1278 2406 diversa
1309 2337 1462 2410 ratione

364 2445 565 2522 Vellicontee
590 2449 686 2520 enim
712 2471 772 2522 ens
796 2447 1029 2547 appellemus,
1050 2450 1136 2546 quia
1161 2449 1330 2528 vellicant
1355 2451 1464 2526 intel·

354 2561 534 2650 lectumffl,
554 2573 781 2660 personanter,
812 2566 896 2660 quie
925 2575 1109 2662 pertenent
1138 2575 1325 2643 naturam:
1364 2570 1462 2644 unde

354 2681 464 2752 etium
489 2678 568 2752 illas
598 2681 812 2774 quandoque
837 2682 1022 2754 instantiae
1045 2679 1273 2758 Demea-itit
1299 2686 1462 2764 nomina·

354 2817 444 2868 mus.
496 2795 561 2866 Eae
584 2805 680 2884 eunt,
697 2819 776 2890 quae
799 2797 844 2872 de
866 2798 1067 2871 admirabili
1091 2807 1130 2872 et
1145 2801 1326 2893 exquisita
1347 2803 1462 2879 subt-

354 2909 457 2984 litate
487 2920 620 2986 naturae
646 2913 870 2990 intelleotum
899 2915 1123 3000 submonent,
1149 2923 1192 2986 ut
1217 2917 1398 2993 excitetur
1422 2927 1462 2990 et

354 3029 619 3124 expergiscatur
639 3031 683 3100 nd
706 3031 955 3114 attentionem,
973 3041 1012 3104 et
1028 3031 1326 3118 observationem,
1342 3041 1383 3108 et
1406 3036 1461 3108 in·

354 3147 581 3239 quisitiouem
607 3146 775 3219 debitam.
833 3145 1001 3242 Exempli
1035 3148 1171 3244 gratia:
1210 3149 1305 3243 quod
1334 3172 1461 3242 parum

353 3265 505 3356 guttulae
526 3263 716 3336 atramenti
733 3262 780 3336 ad
797 3267 853 3338 tot
869 3261 990 3336 literas
1007 3262 1063 3334 vel
1088 3262 1199 3336 lineas
1220 3265 1461 3352 exteudntun

355 3380 451 3472 quod
469 3389 668 3474 argeutum,
687 3379 844 3452 exterius
869 3387 1007 3456 tantum
1027 3381 1240 3464 inauratum,
1256 3383 1302 3458 ad
1320 3391 1461 3460 tantm

355 3495 616 3590 longitudinem
643 3495 692 3566 lili
723 3497 875 3574 inaurati
901 3498 1153 3585 continuetur;
1184 3500 1280 3590 quod
1310 3499 1461 3596 pusillus

357 3611 581 3694 vermiculus,
599 3612 712 3705 qualis
735 3613 771 3682 in
788 3621 872 3688 outo
888 3613 1079 3696 invenitur,
1096 3613 1227 3692 habeat
1243 3616 1281 3686 in
1297 3639 1338 3688 se
1359 3618 1463 3710 spiri·

357 3735 436 3799 tum
465 3727 571 3800 simul
601 3736 639 3802 et
665 3727 815 3822 liguram
842 3729 1089 3804 dissimilarem
1114 3729 1328 3826 partium⁵²;
1363 3734 1460 3826 quod

391 3963 418 4004 ⁴⁹
435 3963 478 4024 Cf.
496 3981 586 4036 rapta
605 3966 697 4022 llas.
732 3967 820 4024 'llrese
838 3970 886 4026 ad·
926 3970 984 4026 tion
1000 3973 1030 4026 to
1048 3970 1140 4042 things
1156 3970 1245 4032 ehieh
1261 3971 1353 4031 emito
1370 3973 1461 4032 otber-

355 4043 676 4100 mim'errlaweretohave
689 4045 810 4102 followed
822 4057 887 4103 next
927 4049 998 4114 nise,
1022 4049 1092 4104 from
1119 4049 1189 4104 their
1213 4051 1379 4106 minutenean
1406 4051 1462 4108 and

355 4123 423 4179 atu
434 4120 480 4177 the
492 4121 662 4192 Prerogstiva
674 4121 820 4180 insumet.
928 4127 1049 4200 subtilty,
1060 4128 1131 4184 hare
1139 4129 1252 4200 esorped
1264 4147 1316 4184 uer
1327 4131 1425 4186 notiee.

392 4200 418 4242 ³⁰
445 4199 582 4258 Instante
611 4203 770 4270 uterne,
799 4204 887 4262 nhielr
963 4205 986 4246 ⁶¹
997 4205 1337 4280 anmugrohimtonir
1343 4208 1462 4284 littory,

355 4279 439 4354 plnck
458 4279 506 4338 the
525 4277 645 4336 lntellect
668 4279 705 4354 by
722 4281 768 4336 the
791 4283 887 4342 sleeve.
928 4283 1154 4356 of.supra,1.51.

354 4359 446 4416 'llrese
461 4357 536 4422 teu,
549 4359 635 4416 rrhielr
651 4359 722 4416 loros
736 4377 787 4416 our
802 4370 887 4417 rnen·
963 4362 990 4404 ⁸⁹
1008 4361 1099 4418 Berua
1115 4379 1202 4419 nens
1215 4373 1244 4420 te
1258 4363 1328 4421 lure
1342 4366 1463 4439 thouglrt
