3078 5180
540 331 629 396 me.
653 330 680 396 1.
697 345 750 416 75,
767 334 819 413 7⁶.
1184 329 1228 394 oe

117 501 181 565 ant
198 493 299 565 foetu
323 493 539 588 impossihile
561 497 813 590 pronuntiant:
840 518 978 568 summa
1000 493 1163 589 superbia
1188 503 1227 565 et

116 611 255 688 invidia
277 634 423 686 suorum
446 612 673 688 inventorum
696 614 940 686 infirmitatem
963 615 1000 684 iu
1022 619 1158 685 nature
1174 612 1229 706 ip-

117 729 190 804 sius
207 727 437 812 (alumniam,
451 739 489 802 et
504 729 655 802 alionum
672 731 833 802 omnium
851 730 1134 825 desperationem
1150 752 1229 802 rer-

117 853 250 918 teutes.
306 843 404 918 Hine
428 844 548 918 sehola
563 843 769 919 Academiae
794 843 941 931 norae⁵⁴,
959 869 1040 939 qnae
1061 843 1230 940 mmor

117 961 207 1038 nom
238 983 290 1036 ex
319 961 475 1056 professo
505 963 633 1048 tenuit,
662 971 702 1036 et
731 963 893 1042 homines
922 965 967 1035 nd
996 964 1230 1058 sempiternas

117 1079 289 1156 tenebras
306 1079 499 1154 damnarit.
535 1078 633 1152 Hine
650 1079 779 1174 opinio,
797 1080 891 1173 quod
909 1080 1030 1152 forme
1046 1081 1121 1152 sire
1137 1101 1230 1152 verte

117 1217 238 1272 rerum
257 1193 467 1270 differentis
484 1191 577 1288 (quae
599 1219 723 1268 revera
746 1205 830 1270 snut
854 1196 952 1293 leges
976 1204 1077 1270 aetus
1101 1194 1229 1291 puri-²²⁵)

118 1311 271 1388 inventu
306 1310 540 1404 impossibiles
573 1314 656 1398 sint,
685 1321 724 1384 et
757 1313 853 1384 nltrn
885 1314 1080 1387 hominem.
1131 1311 1229 1384 Hiuo

119 1429 308 1522 opiniones
335 1427 405 1504 ille
433 1429 472 1506 iu
501 1430 619 1502 sotira
648 1437 686 1502 et
715 1432 896 1525 operativa
926 1441 1047 1525 parte:
1072 1429 1228 1502 enlorem

119 1544 203 1620 solis
219 1553 262 1620 et
279 1545 373 1640 ignis
395 1554 473 1620 toto
495 1569 627 1641 genere
650 1547 809 1633 differre3
834 1571 880 1620 ue
905 1547 1043 1621 seilicet
1066 1548 1231 1620 homines

119 1671 252 1756 putent
279 1685 320 1736 se
346 1686 411 1760 per
439 1686 546 1757 opero
575 1665 667 1760 iguis
696 1665 829 1758 aliquid
859 1665 975 1738 simile
1004 1667 1057 1750 iis,
1085 1688 1163 1760 qum
1190 1665 1229 1736 in

119 1789 252 1854 natura
279 1780 381 1864 liunt
407 1781 560 1854 munere
588 1789 627 1852 et
652 1781 805 1854 formare
830 1803 942 1876 posse.
994 1781 1093 1854 Hine
1117 1781 1229 1854 illud:

120 1897 420 1992 oompoutionem
445 1906 587 1970 tantum
612 1921 702 1992 opus
727 1899 891 1984 hominis,
916 1901 1120 1972 mistionem
1145 1921 1230 1970 rero

121 2037 209 2108 opus
241 2015 353 2088 solius
378 2023 514 2086 nature
540 2037 636 2100 esse3
662 2039 708 2088 ue
735 2015 871 2088 seilicet
896 2016 1060 2088 homines
1087 2028 1233 2110 sperent

121 2131 283 2226 aliquam
297 2155 342 2204 ex
359 2140 437 2204 arte
449 2155 635 2227 corporum
651 2133 867 2205 naturalium
884 2134 1151 2228 generationem
1167 2141 1232 2204 aut

121 2249 484 2322 transformationem.
535 2246 664 2342 Itaque
690 2273 737 2320 ex
761 2251 830 2321 hoo
854 2251 955 2344 signo
979 2249 1141 2321 hominen
1163 2247 1230 2320 sihi

121 2367 330 2459 persuaderi
358 2365 462 2438 facile
491 2367 684 2461 patientur,
714 2389 760 2438 ue
789 2389 872 2438 enm
902 2367 1130 2463 dogmatibus
1158 2389 1231 2437 non

122 2481 241 2555 solnm
269 2484 473 2576 desperatis,
501 2483 564 2556 sed
592 2485 702 2556 etiam
732 2485 967 2578 desperationi
996 2483 1144 2568 devotis,
1161 2483 1233 2555 for-

122 2608 230 2673 tunas
247 2623 330 2673 suae
346 2609 385 2673 et
401 2600 539 2674 labores
555 2601 738 2674 misceant.

589 2731 772 2806 LXXVI.

173 2831 313 2926 Neque
350 2831 439 2904 illnd
480 2835 622 2928 signum
658 2833 1002 2928 praetermittendum
1036 2843 1100 2916 est,
1135 2834 1231 2928 quod

124 2958 227 3022 tanta
245 2949 355 3020 luerit
372 2949 468 3021 inter
489 2949 715 3046 philosophos
738 2948 823 3022 olim
846 2950 1024 3036 dissensio,
1041 2959 1079 3022 et
1096 2949 1233 3024 schole-

122 3089 205 3140 rum
243 3065 398 3159 ipsarum
429 3067 601 3141 varietas:
640 3067 735 3158 quod
766 3068 853 3138 setis
886 3067 1053 3150 ostendit,
1082 3067 1176 3138 viem
1209 3090 1232 3138 a

122 3202 231 3254 seusu
258 3181 303 3252 ad
332 3181 558 3255 intellectum
585 3207 657 3257 non
684 3185 776 3256 hene
803 3184 978 3254 munitam
1005 3183 1231 3263 missenum

123 3299 253 3374 eadem
279 3299 428 3374 materie
451 3289 683 3394 philosophie
709 3301 851 3394 (natura
875 3299 1012 3371 scilieet
1036 3303 1170 3392 rerum)
1194 3298 1232 3370 iu

123 3423 200 3488 tam
218 3437 328 3510 reges
351 3425 389 3486 et
412 3414 627 3511 multiplices
651 3439 785 3489 errores
810 3415 956 3510 abrepto
979 3416 1087 3486 hrerit
1107 3423 1145 3486 et
1162 3415 1233 3487 dis·

123 3541 252 3612 traca
304 3530 427 3626 Atque
453 3532 540 3606 lieet
566 3531 664 3606 hisee
689 3531 909 3626 temporibus
933 3533 1170 3606 dissensiones
1193 3543 1232 3606 et

125 3649 338 3745 dogmatum
361 3648 585 3721 diversitates
607 3650 702 3721 eirea
725 3651 897 3743 principia
920 3651 1007 3742 ipss,
1024 3657 1063 3719 et
1080 3648 1235 3741 philoso-

124 3765 229 3861 phias
245 3767 411 3860 integras,
424 3774 467 3840 ut
483 3763 677 3860 plurimum
695 3766 863 3838 extinctae
880 3765 973 3851 sint;
1001 3775 1124 3839 tamen
1140 3766 1234 3840 oiroa

125 3891 249 3978 partes
278 3882 520 3976 philosophie,
550 3883 745 3954 innumerae
774 3890 923 3958 manent
951 3885 1167 3977 quaestiones
1195 3891 1235 3954 et

126 3999 398 4084 ooutrurersiae;
423 4007 466 4070 nt
482 3997 588 4100 plene
607 4006 785 4098 appareat,
804 4022 920 4094 neque
943 4001 981 4074 in
1004 3999 1234 4096 philosophiis

126 4116 224 4212 ipsis,
234 4138 354 4208 neque
369 4117 408 4188 iu
423 4116 541 4188 modis
556 4115 898 4190 demonstrationum
913 4116 1047 4210 aliquid
1065 4119 1154 4190 certi
1171 4124 1234 4188 ant

127 4237 205 4308 saul
224 4255 310 4307 esse.

237 4369 261 4410 ⁶⁴
280 4370 323 4427 ct.
336 4389 410 4444 supr.
424 4371 447 4427 l.
460 4371 504 4445 67.
860 4371 885 4414 ’ὓ
904 4373 947 4430 ct.
960 4391 1034 4444 supr,
1049 4372 1071 4428 1.
1084 4385 1127 4442 51·
