3078 5180
550 360 640 424 LIB.
655 359 684 424 1.
702 359 753 442 78,
770 375 820 446 79.
1193 358 1237 428 nt

129 524 251 596 mincis
276 533 480 620 temporum
504 547 610 618 quam
635 524 820 620 regionum
846 523 956 596 eremi
980 533 1018 594 st
1040 524 1234 600 vastitates.

129 640 217 713 Tres
239 643 339 713 enim
362 649 504 713 tantum
525 641 767 714 doctrinarum
787 639 1027 712 revolutiones
1044 649 1082 712 et
1098 642 1235 735 periodi

131 766 230 830 reete
259 759 439 830 numerari
469 765 636 852 possunt:
673 780 754 841 una,
783 756 878 850 apud
909 753 1074 839 Graece
1112 757 1234 842 altera,

131 877 225 971 apud
248 875 450 964 Romanos3
475 875 611 960 ultima,
627 875 724 969 apud
746 899 822 959 nos,
840 875 1077 946 occidentales
1100 875 1236 948 scilicet

131 988 289 1086 Fiuropoe
318 993 500 1064 nationes:
535 991 665 1084 quibus
691 991 838 1086 singulis
865 991 926 1062 vix
953 990 1036 1062 duae
1063 993 1236 1064 centuriae

123 1130 307 1178 annorum
327 1109 457 1179 merito
478 1108 625 1179 attribui
647 1116 808 1201 possunt.
861 1105 986 1179 Media
1002 1108 1127 1179 mnndi
1143 1117 1236 1180 tem-

131 1246 227 1316 pore,
253 1225 371 1318 quoad
397 1225 624 1296 scientiarum
652 1233 811 1318 segetem
840 1223 987 1296 uberem
1015 1231 1078 1294 aut
1106 1223 1236 1308 laetam,

127 1339 287 1412 infelicia
312 1341 469 1412 fuerunt.
522 1339 654 1432 Neque
679 1340 776 1411 euim
798 1347 983 1411 causaest
1007 1347 1048 1410 ut
1070 1339 1237 1412 velAra·

131 1455 217 1527 bum
231 1456 290 1529 vel
303 1456 593 1529 scholasticorum
607 1457 742 1528 mentio
755 1455 838 1527 fiat:
865 1457 926 1548 qui
943 1479 1007 1549 per
1023 1457 1237 1529 intermedia

130 1581 293 1666 tempora
308 1574 475 1645 scientias
497 1574 615 1667 potius
632 1574 876 1644 contriverunt
894 1573 1089 1644 numerosis
1106 1581 1237 1644 tracta-

130 1689 238 1772 tibus,
265 1713 372 1782 quam
402 1691 541 1782 pondus
570 1711 692 1762 earum
722 1695 910 1760 auxerunt.
967 1687 1096 1782 Itaque
1122 1691 1236 1784 prime

128 1827 237 1878 causa
262 1815 337 1878 tam
368 1805 488 1900 pusilli
519 1806 555 1876 in
583 1805 742 1877 scientiis
771 1805 952 1898 profectus
980 1806 1026 1876 ed
1056 1808 1235 1900 angustias

130 1921 301 2017 temporis
318 1945 402 2016 erga
415 1921 497 2002 illas
514 1921 657 2016 propitii
674 1921 742 1993 rite
760 1929 798 1993 et
815 1919 939 1992 ordine
957 1920 1119 1992 refertur.

178 2180 233 2254 At
251 2183 407 2254 secundo
424 2182 502 2256 loco
519 2206 558 2254 se
576 2083 810 2256 girgillus
832 2184 893 2255 illa
914 2185 1035 2278 magni
1056 2192 1155 2254 certe
1172 2207 1235 2276 per

128 2299 250 2372 omnis
273 2301 467 2371 momenti:
494 2322 536 2371 ea
551 2299 730 2384 videlicet,
748 2301 843 2394 quod
865 2323 929 2394 per
948 2297 1026 2370 illas
1042 2299 1135 2392 ipsas
1152 2307 1235 2370 seta-

126 2423 192 2496 tm
221 2414 351 2508 quibus
379 2415 565 2487 hominum
600 2415 744 2510 ingenia
775 2427 814 2488 et
847 2415 961 2488 literoe
991 2415 1148 2486 maxims
1177 2414 1234 2486 vel

127 2532 238 2602 etiam
262 2530 491 2603 mediocriter
512 2530 708 2614 floruerint,
729 2531 901 2604 naturalis
923 2531 1146 2626 philosophia
1167 2533 1234 2602 mi·

127 2647 264 2720 nimam
287 2656 424 2740 partem
448 2647 612 2720 humanae
631 2671 746 2742 operte
763 2649 889 2722 sortita
905 2649 962 2720 sit.
1012 2645 1138 2741 Atque
1155 2647 1233 2722 haec

126 2764 204 2856 ipsa
227 2763 456 2837 nihilominus
479 2787 545 2858 pro
570 2787 700 2860 magna
724 2767 952 2837 scientiarum
973 2772 1088 2836 matre
1110 2765 1232 2836 haberi

127 2880 249 2952 debet
302 2879 437 2954 Omnes
462 2881 558 2956 enim
582 2891 679 2956 artes
704 2893 743 2954 et
769 2883 936 2966 scientioe,
960 2881 1006 2953 ab
1031 2881 1098 2956 hac
1122 2883 1233 2976 stirpe

124 2996 284 3081 revulm,
302 2997 485 3091 poliuntur
502 2998 659 3081 fortasse,
677 2999 768 3068 etin
787 3020 891 3069 nsum
909 2997 1145 3094 effinguntn13
1169 2997 1231 3068 sed

120 3114 176 3188 nil
192 3113 389 3187 admodum
407 3123 580 3190 crescunt.
628 3111 687 3190 At
708 3115 938 3188 manifestum
960 3123 1024 3196 est,
1041 3123 1231 3206 postquam

119 3229 328 3302 Christiana
356 3230 444 3301 fides
472 3239 616 3324 recepto
646 3229 771 3300 fuisset
805 3238 843 3300 et
874 3227 1094 3312 adolevisset,
1123 3228 1230 3324 longe

120 3347 319 3420 maximam
354 3347 577 3440 ingeniorum
612 3347 981 3440 praestantissimorum
1015 3354 1155 3438 partem
1184 3345 1229 3424 ad

118 3462 343 3558 theologiam
365 3483 404 3533 se
426 3461 639 3550 contulisse;
666 3471 774 3556 atque
791 3462 875 3534 huic
891 3461 943 3532 rei
960 3468 998 3532 et
1015 3461 1230 3556 amplissima

120 3580 269 3674 praemia
287 3580 480 3672 proposita,
499 3590 538 3650 et
554 3580 669 3650 omnis
685 3580 826 3674 generis
842 3579 1049 3671 adjumenta
1064 3578 1229 3672 copiosis-

120 3697 213 3767 sime
240 3694 507 3768 subministrata
534 3695 665 3767 fuisse:
701 3704 810 3789 atque
839 3695 908 3766 hoc
936 3693 1126 3792 theologias
1155 3703 1230 3766 stu·

119 3909 221 3971 indito
243 3907 404 3982 philosophy
411 3931 420 3975 ;
446 3908 551 3982 though
572 3910 595 3964 it
614 3915 655 3966 at-
696 3927 776 3966 never
793 3909 827 3965 be
842 3911 909 3966 lost:
929 3908 1026 3966 endec
1038 3908 1167 3966 mankind
1179 3928 1229 3968 cen

117 3987 212 4052 hinad
226 4005 290 4060 very
303 3987 485 4046 considerable
501 3997 580 4048 note:
601 3987 655 4046 and
697 4005 777 4044 never
791 3989 870 4060 again
884 3988 931 4044 tan
944 3989 1014 4044 from
1025 3989 1060 4043 its
1072 3989 1229 4056 &cotenes

119 4077 174 4124 tvo
188 4067 329 4127 nmmum
350 4067 392 4124 lor
411 4065 510 4122 Graece
529 4064 584 4122 and
603 4075 657 4121 two
696 4084 729 4123 or
742 4067 779 4124 its
794 4068 961 4124 civilitation.
997 4067 1050 4122 Por
1061 4067 1107 4122 the
1118 4077 1189 4122 want
1201 4068 1232 4124 oi

118 4145 163 4207 ior
181 4145 270 4204 Rome
289 4161 362 4208 seem
380 4161 444 4218 very
461 4145 537 4202 licie.
573 4144 658 4200 what
696 4146 847 4218 originality
864 4147 893 4204 in
910 4145 956 4202 the
971 4145 1089 4202 Arabiae
1106 4145 1228 4202 Philoso-

118 4241 137 4280 a
161 4233 222 4280 vert
243 4223 393 4280 ciffum
419 4223 538 4295 printing
563 4224 656 4280 mulces
697 4223 1035 4296 phersmentionedbelow
1043 4223 1228 4280 aeeGibbon’r

118 4303 149 4360 in
170 4301 227 4360 this
243 4307 371 4374 ,mpeetl
400 4302 436 4358 its
458 4307 476 4333 “
488 4302 658 4372 Expedontia
698 4302 810 4366 Decline
822 4303 876 4360 and
888 4303 953 4368 nau.
966 4297 1097 4374 chap.5a'.

120 4381 253 4446 litsmw'
261 4399 301 4438 we
312 4391 438 4442 ere-nont
449 4391 478 4436 to
489 4380 657 4446 bedensem

752 4491 815 4542 Η
