<?xml version="1.0" encoding="UTF-8"?>
<!DOCTYPE html PUBLIC "-//W3C//DTD XHTML 1.0 Transitional//EN"
    "http://www.w3.org/TR/xhtml1/DTD/xhtml1-transitional.dtd">
<html xmlns="http://www.w3.org/1999/xhtml" xml:lang="en" lang="en">
 <head>
  <title>
</title>
<meta http-equiv="Content-Type" content="text/html;charset=utf-8" />
  <meta name='ocr-system' content='tesseract 3.04.00' />
  <meta name='ocr-capabilities' content='ocr_page ocr_carea ocr_par ocr_line ocrx_word'/>
</head>
<body>
  <div class='ocr_page' id='page_1' title='image "./franciscibaconi01kitcgoog_0334.png"; bbox 0 0 3156 5176; ppageno 0'>
   <div class='ocr_carea' id='block_1_1' title="bbox 594 342 1262 426">
    <p class='ocr_par' dir='ltr' id='par_1_1' title="bbox 594 342 1262 426">
     <span class='ocr_line' id='line_1_1' title="bbox 594 342 1262 426; baseline 0 -16"><span class='ocrx_word' id='word_1_1' title='bbox 594 342 683 410; x_wconf 79' lang='lat' dir='ltr'><strong>urs.</strong></span> <span class='ocrx_word' id='word_1_2' title='bbox 703 345 746 410; x_wconf 90' lang='lat'><strong>11.</strong></span> <span class='ocrx_word' id='word_1_3' title='bbox 761 345 815 426; x_wconf 77' lang='lat'><strong>48.</strong></span> <span class='ocrx_word' id='word_1_4' title='bbox 1198 347 1262 410; x_wconf 81' lang='lat' dir='ltr'><strong>sos</strong></span> 
     </span>
    </p>
   </div>
   <div class='ocr_carea' id='block_1_2' title="bbox 156 509 1264 718">
    <p class='ocr_par' dir='ltr' id='par_1_2' title="bbox 156 509 1264 718">
     <span class='ocr_line' id='line_1_2' title="bbox 156 509 1264 604; baseline 0.002 -25"><span class='ocrx_word' id='word_1_5' title='bbox 156 515 328 601; x_wconf 83' lang='lat' dir='ltr'><strong>tanquam</strong></span> <span class='ocrx_word' id='word_1_6' title='bbox 362 530 446 580; x_wconf 80' lang='lat' dir='ltr'><strong>eum</strong></span> <span class='ocrx_word' id='word_1_7' title='bbox 480 510 629 604; x_wconf 90' lang='lat' dir='ltr'><strong>imperio</strong></span> <span class='ocrx_word' id='word_1_8' title='bbox 663 519 703 582; x_wconf 93' lang='lat' dir='ltr'><strong>et</strong></span> <span class='ocrx_word' id='word_1_9' title='bbox 735 517 937 604; x_wconf 89' lang='lat' dir='ltr'><strong>potestate;</strong></span> <span class='ocrx_word' id='word_1_10' title='bbox 956 509 1064 602; x_wconf 91' lang='lat' dir='ltr'><strong>jubet</strong></span> <span class='ocrx_word' id='word_1_11' title='bbox 1097 510 1194 580; x_wconf 90' lang='lat' dir='ltr'><strong>enim</strong></span> <span class='ocrx_word' id='word_1_12' title='bbox 1224 519 1264 581; x_wconf 93' lang='lat' dir='ltr'><strong>et</strong></span> 
     </span>
     <span class='ocr_line' id='line_1_3' title="bbox 157 623 1263 718; baseline 0.002 -24"><span class='ocrx_word' id='word_1_13' title='bbox 157 623 255 718; x_wconf 76' lang='lat' dir='ltr'><strong>cogit</strong></span> <span class='ocrx_word' id='word_1_14' title='bbox 271 623 506 696; x_wconf 86' lang='lat' dir='ltr'><strong>assimilatum</strong></span> <span class='ocrx_word' id='word_1_15' title='bbox 523 625 560 695; x_wconf 89' lang='lat' dir='ltr'><strong>in</strong></span> <span class='ocrx_word' id='word_1_16' title='bbox 578 625 836 698; x_wconf 81' lang='lat' dir='ltr'><strong>assimilantem</strong></span> <span class='ocrx_word' id='word_1_17' title='bbox 853 626 943 696; x_wconf 83' lang='lat' dir='ltr'><strong>verti</strong></span> <span class='ocrx_word' id='word_1_18' title='bbox 963 633 1001 696; x_wconf 88' lang='lat' dir='ltr'><strong>et</strong></span> <span class='ocrx_word' id='word_1_19' title='bbox 1017 627 1159 696; x_wconf 87' lang='lat' dir='ltr'><strong>mutari.</strong></span> <span class='ocrx_word' id='word_1_20' title='bbox 1210 623 1263 696; x_wconf 87' lang='lat' dir='ltr'><strong>At</strong></span> 
     </span>
    </p>
   </div>
   <div class='ocr_carea' id='block_1_3' title="bbox 156 740 1266 1415">
    <p class='ocr_par' dir='ltr' id='par_1_3' title="bbox 156 740 1266 1415">
     <span class='ocr_line' id='line_1_4' title="bbox 157 740 1265 834; baseline 0.004 -25"><span class='ocrx_word' id='word_1_21' title='bbox 157 748 277 812; x_wconf 89' lang='lat' dir='ltr'><strong>motus</strong></span> <span class='ocrx_word' id='word_1_22' title='bbox 307 740 526 812; x_wconf 70' lang='lat' dir='ltr'><strong>oscitationis</strong></span> <span class='ocrx_word' id='word_1_23' title='bbox 553 743 716 834; x_wconf 82' lang='lat' dir='ltr'>procedit</span> <span class='ocrx_word' id='word_1_24' title='bbox 742 749 912 833; x_wconf 89' lang='lat' dir='ltr'><strong>tanquam</strong></span> <span class='ocrx_word' id='word_1_25' title='bbox 942 748 1019 812; x_wconf 87' lang='lat' dir='ltr'><strong>arte</strong></span> <span class='ocrx_word' id='word_1_26' title='bbox 1046 753 1085 812; x_wconf 88' lang='lat' dir='ltr'><strong>et</strong></span> <span class='ocrx_word' id='word_1_27' title='bbox 1110 742 1265 813; x_wconf 87' lang='lat' dir='ltr'><strong>insinua·</strong></span> 
     </span>
     <span class='ocr_line' id='line_1_5' title="bbox 156 855 1265 952; baseline 0.005 -28"><span class='ocrx_word' id='word_1_28' title='bbox 156 855 268 939; x_wconf 87' lang='lat' dir='ltr'><strong>tione,</strong></span> <span class='ocrx_word' id='word_1_29' title='bbox 286 864 326 927; x_wconf 92' lang='lat' dir='ltr'><strong>et</strong></span> <span class='ocrx_word' id='word_1_30' title='bbox 348 855 494 941; x_wconf 72' lang='lat' dir='ltr'><strong>furtim</strong></span> <span class='ocrx_word' id='word_1_31' title='bbox 520 865 558 928; x_wconf 91' lang='lat' dir='ltr'><strong>et</strong></span> <span class='ocrx_word' id='word_1_32' title='bbox 581 859 710 929; x_wconf 88' lang='lat' dir='ltr'><strong>invitat</strong></span> <span class='ocrx_word' id='word_1_33' title='bbox 726 867 880 944; x_wconf 92' lang='lat' dir='ltr'><strong>tantum,</strong></span> <span class='ocrx_word' id='word_1_34' title='bbox 897 868 935 928; x_wconf 93' lang='lat' dir='ltr'><strong>et</strong></span> <span class='ocrx_word' id='word_1_35' title='bbox 958 858 1114 952; x_wconf 84' lang='lat' dir='ltr'><strong>disponit</strong></span> <span class='ocrx_word' id='word_1_36' title='bbox 1130 859 1265 930; x_wconf 82' lang='lat' dir='ltr'><strong>exeita·</strong></span> 
     </span>
     <span class='ocr_line' id='line_1_6' title="bbox 158 971 1264 1046; baseline 0.004 -6"><span class='ocrx_word' id='word_1_37' title='bbox 158 979 238 1041; x_wconf 88' lang='lat' dir='ltr'><strong>tum</strong></span> <span class='ocrx_word' id='word_1_38' title='bbox 253 971 297 1041; x_wconf 88' lang='lat' dir='ltr'><strong>ad</strong></span> <span class='ocrx_word' id='word_1_39' title='bbox 316 981 481 1044; x_wconf 86' lang='lat' dir='ltr'><strong>naturam</strong></span> <span class='ocrx_word' id='word_1_40' title='bbox 498 973 699 1046; x_wconf 80' lang='lat' dir='ltr'><strong>excitantis.</strong></span> <span class='ocrx_word' id='word_1_41' title='bbox 727 973 848 1046; x_wconf 90' lang='lat' dir='ltr'><strong>Etiam</strong></span> <span class='ocrx_word' id='word_1_42' title='bbox 864 983 984 1044; x_wconf 90' lang='lat' dir='ltr'><strong>motus</strong></span> <span class='ocrx_word' id='word_1_43' title='bbox 1001 971 1264 1045; x_wconf 77' lang='lat' dir='ltr'><strong>assimilationis</strong></span> 
     </span>
     <span class='ocr_line' id='line_1_7' title="bbox 156 1084 1266 1182; baseline 0.006 -28"><span class='ocrx_word' id='word_1_44' title='bbox 156 1084 373 1180; x_wconf 80' lang='lat' dir='ltr'><strong>multiplicat</strong></span> <span class='ocrx_word' id='word_1_45' title='bbox 390 1098 428 1159; x_wconf 88' lang='lat' dir='ltr'><strong>et</strong></span> <span class='ocrx_word' id='word_1_46' title='bbox 445 1088 675 1160; x_wconf 84' lang='lat' dir='ltr'><strong>transformat</strong></span> <span class='ocrx_word' id='word_1_47' title='bbox 697 1111 844 1182; x_wconf 87' lang='lat' dir='ltr'><strong>oorpora</strong></span> <span class='ocrx_word' id='word_1_48' title='bbox 865 1099 903 1160; x_wconf 92' lang='lat' dir='ltr'><strong>et</strong></span> <span class='ocrx_word' id='word_1_49' title='bbox 928 1089 1166 1173; x_wconf 89' lang='lat' dir='ltr'><strong>substantias;</strong></span> <span class='ocrx_word' id='word_1_50' title='bbox 1192 1089 1266 1161; x_wconf 88' lang='lat' dir='ltr'><strong>vel-</strong></span> 
     </span>
     <span class='ocr_line' id='line_1_8' title="bbox 157 1199 1265 1298; baseline 0.005 -28"><span class='ocrx_word' id='word_1_51' title='bbox 157 1199 212 1270; x_wconf 92' lang='lat' dir='ltr'><strong>uti</strong></span> <span class='ocrx_word' id='word_1_52' title='bbox 233 1200 314 1294; x_wconf 89' lang='lat' dir='ltr'><strong>plus</strong></span> <span class='ocrx_word' id='word_1_53' title='bbox 337 1202 379 1273; x_wconf 86' lang='lat' dir='ltr'><strong>lit</strong></span> <span class='ocrx_word' id='word_1_54' title='bbox 402 1201 563 1286; x_wconf 81' lang='lat' dir='ltr'><strong>flammae,</strong></span> <span class='ocrx_word' id='word_1_55' title='bbox 584 1203 664 1297; x_wconf 93' lang='lat' dir='ltr'><strong>plus</strong></span> <span class='ocrx_word' id='word_1_56' title='bbox 687 1205 786 1286; x_wconf 71' lang='lat' dir='ltr'><strong>airis,</strong></span> <span class='ocrx_word' id='word_1_57' title='bbox 806 1203 887 1297; x_wconf 89' lang='lat' dir='ltr'><strong>plus</strong></span> <span class='ocrx_word' id='word_1_58' title='bbox 911 1204 1064 1298; x_wconf 87' lang='lat' dir='ltr'><strong>spiritns,</strong></span> <span class='ocrx_word' id='word_1_59' title='bbox 1086 1203 1167 1298; x_wconf 88' lang='lat' dir='ltr'><strong>plus</strong></span> <span class='ocrx_word' id='word_1_60' title='bbox 1190 1229 1265 1276; x_wconf 87' lang='lat' dir='ltr'><strong>car-</strong></span> 
     </span>
     <span class='ocr_line' id='line_1_9' title="bbox 157 1319 1264 1415; baseline 0.007 -26"><span class='ocrx_word' id='word_1_61' title='bbox 157 1319 223 1392; x_wconf 86' lang='lat' dir='ltr'><strong>nis.</strong></span> <span class='ocrx_word' id='word_1_62' title='bbox 274 1319 328 1391; x_wconf 90' lang='lat' dir='ltr'><strong>At</strong></span> <span class='ocrx_word' id='word_1_63' title='bbox 352 1321 389 1391; x_wconf 93' lang='lat' dir='ltr'><strong>in</strong></span> <span class='ocrx_word' id='word_1_64' title='bbox 416 1331 517 1394; x_wconf 90' lang='lat' dir='ltr'><strong>motu</strong></span> <span class='ocrx_word' id='word_1_65' title='bbox 536 1321 765 1406; x_wconf 67' lang='lat' dir='ltr'><strong>oscitationis,</strong></span> <span class='ocrx_word' id='word_1_66' title='bbox 783 1322 1066 1415; x_wconf 81' lang='lat' dir='ltr'><strong>multiplicantur</strong></span> <span class='ocrx_word' id='word_1_67' title='bbox 1088 1333 1128 1396; x_wconf 88' lang='lat' dir='ltr'><strong>et</strong></span> <span class='ocrx_word' id='word_1_68' title='bbox 1150 1334 1264 1398; x_wconf 86' lang='lat' dir='ltr'><strong>trans-</strong></span> 
     </span>
    </p>
   </div>
   <div class='ocr_carea' id='block_1_4' title="bbox 139 1436 1264 3944">
    <p class='ocr_par' dir='ltr' id='par_1_4' title="bbox 139 1436 1264 3944">
     <span class='ocr_line' id='line_1_10' title="bbox 157 1436 1264 1533; baseline 0.004 -27"><span class='ocrx_word' id='word_1_69' title='bbox 157 1445 248 1506; x_wconf 88' lang='lat' dir='ltr'><strong>eunt</strong></span> <span class='ocrx_word' id='word_1_70' title='bbox 266 1436 415 1508; x_wconf 86' lang='lat' dir='ltr'><strong>virtutes</strong></span> <span class='ocrx_word' id='word_1_71' title='bbox 432 1445 594 1518; x_wconf 88' lang='lat' dir='ltr'><strong>tantum;</strong></span> <span class='ocrx_word' id='word_1_72' title='bbox 620 1447 659 1509; x_wconf 90' lang='lat' dir='ltr'><strong>et</strong></span> <span class='ocrx_word' id='word_1_73' title='bbox 674 1436 755 1531; x_wconf 90' lang='lat' dir='ltr'><strong>plus</strong></span> <span class='ocrx_word' id='word_1_74' title='bbox 771 1438 813 1508; x_wconf 86' lang='lat' dir='ltr'><strong>lit</strong></span> <span class='ocrx_word' id='word_1_75' title='bbox 830 1436 945 1521; x_wconf 81' lang='lat' dir='ltr'><strong>calidi,</strong></span> <span class='ocrx_word' id='word_1_76' title='bbox 964 1438 1044 1530; x_wconf 88' lang='lat' dir='ltr'><strong>plus</strong></span> <span class='ocrx_word' id='word_1_77' title='bbox 1060 1441 1264 1533; x_wconf 67' lang='lat' dir='ltr'><strong>magnetii,</strong></span> 
     </span>
     <span class='ocr_line' id='line_1_11' title="bbox 156 1549 1263 1648; baseline 0.005 -27"><span class='ocrx_word' id='word_1_78' title='bbox 156 1549 237 1643; x_wconf 88' lang='lat' dir='ltr'><strong>plus</strong></span> <span class='ocrx_word' id='word_1_79' title='bbox 264 1553 409 1644; x_wconf 88' lang='lat' dir='ltr'><strong>putridi.</strong></span> <span class='ocrx_word' id='word_1_80' title='bbox 461 1551 609 1624; x_wconf 85' lang='lat' dir='ltr'><strong>Eminet</strong></span> <span class='ocrx_word' id='word_1_81' title='bbox 641 1561 763 1624; x_wconf 85' lang='lat' dir='ltr'><strong>autem</strong></span> <span class='ocrx_word' id='word_1_82' title='bbox 789 1553 856 1625; x_wconf 90' lang='lat' dir='ltr'><strong>iste</strong></span> <span class='ocrx_word' id='word_1_83' title='bbox 882 1563 1001 1624; x_wconf 87' lang='lat' dir='ltr'><strong>motus</strong></span> <span class='ocrx_word' id='word_1_84' title='bbox 1025 1556 1202 1648; x_wconf 86' lang='lat' dir='ltr'><strong>praeoipue</strong></span> <span class='ocrx_word' id='word_1_85' title='bbox 1225 1558 1263 1627; x_wconf 89' lang='lat' dir='ltr'><strong>in</strong></span> 
     </span>
     <span class='ocr_line' id='line_1_12' title="bbox 156 1667 1263 1764; baseline 0.005 -26"><span class='ocrx_word' id='word_1_86' title='bbox 156 1667 273 1738; x_wconf 75' lang='lat' dir='ltr'><strong>ualido</strong></span> <span class='ocrx_word' id='word_1_87' title='bbox 302 1677 342 1740; x_wconf 88' lang='lat' dir='ltr'><strong>et</strong></span> <span class='ocrx_word' id='word_1_88' title='bbox 370 1669 508 1764; x_wconf 83' lang='lat' dir='ltr'><strong>frigido.</strong></span> <span class='ocrx_word' id='word_1_89' title='bbox 562 1667 693 1763; x_wconf 88' lang='lat' dir='ltr'><strong>Neque</strong></span> <span class='ocrx_word' id='word_1_90' title='bbox 719 1671 816 1741; x_wconf 86' lang='lat' dir='ltr'><strong>enim</strong></span> <span class='ocrx_word' id='word_1_91' title='bbox 846 1668 941 1742; x_wconf 85' lang='lat' dir='ltr'><strong>calor</strong></span> <span class='ocrx_word' id='word_1_92' title='bbox 966 1669 1133 1741; x_wconf 88' lang='lat' dir='ltr'><strong>diffundit</strong></span> <span class='ocrx_word' id='word_1_93' title='bbox 1159 1695 1197 1744; x_wconf 84' lang='lat' dir='ltr'><strong>se</strong></span> <span class='ocrx_word' id='word_1_94' title='bbox 1225 1674 1263 1744; x_wconf 92' lang='lat' dir='ltr'><strong>in</strong></span> 
     </span>
     <span class='ocr_line' id='line_1_13' title="bbox 156 1781 1263 1879; baseline 0.005 -25"><span class='ocrx_word' id='word_1_95' title='bbox 156 1781 396 1858; x_wconf 75' lang='lat' dir='ltr'><strong>calefaciendo</strong></span> <span class='ocrx_word' id='word_1_96' title='bbox 423 1807 487 1878; x_wconf 90' lang='lat' dir='ltr'><strong>per</strong></span> <span class='ocrx_word' id='word_1_97' title='bbox 511 1787 871 1857; x_wconf 83' lang='lat' dir='ltr'><strong>eommunioationem</strong></span> <span class='ocrx_word' id='word_1_98' title='bbox 897 1787 1002 1879; x_wconf 92' lang='lat' dir='ltr'><strong>primi</strong></span> <span class='ocrx_word' id='word_1_99' title='bbox 1028 1786 1173 1872; x_wconf 81' lang='lat' dir='ltr'><strong>caloris3</strong></span> <span class='ocrx_word' id='word_1_100' title='bbox 1200 1787 1263 1859; x_wconf 88' lang='lat' dir='ltr'><strong>sed</strong></span> 
     </span>
     <span class='ocr_line' id='line_1_14' title="bbox 157 1900 1263 1995; baseline 0.004 -25"><span class='ocrx_word' id='word_1_101' title='bbox 157 1908 300 1971; x_wconf 88' lang='lat' dir='ltr'><strong>tantum</strong></span> <span class='ocrx_word' id='word_1_102' title='bbox 328 1923 392 1995; x_wconf 90' lang='lat' dir='ltr'><strong>per</strong></span> <span class='ocrx_word' id='word_1_103' title='bbox 417 1900 655 1972; x_wconf 71' lang='lat' dir='ltr'><strong>oscitationem</strong></span> <span class='ocrx_word' id='word_1_104' title='bbox 682 1905 837 1994; x_wconf 86' lang='lat' dir='ltr'><strong>partium</strong></span> <span class='ocrx_word' id='word_1_105' title='bbox 867 1903 1022 1994; x_wconf 86' lang='lat' dir='ltr'><strong>eorporis</strong></span> <span class='ocrx_word' id='word_1_106' title='bbox 1047 1902 1092 1973; x_wconf 88' lang='lat' dir='ltr'><strong>ad</strong></span> <span class='ocrx_word' id='word_1_107' title='bbox 1122 1913 1263 1974; x_wconf 89' lang='lat' dir='ltr'><strong>motum</strong></span> 
     </span>
     <span class='ocr_line' id='line_1_15' title="bbox 155 2015 1261 2111; baseline 0.002 -23"><span class='ocrx_word' id='word_1_108' title='bbox 155 2016 270 2094; x_wconf 85' lang='lat' dir='ltr'><strong>illum,</strong></span> <span class='ocrx_word' id='word_1_109' title='bbox 288 2018 349 2109; x_wconf 92' lang='lat' dir='ltr'><strong>qui</strong></span> <span class='ocrx_word' id='word_1_110' title='bbox 375 2025 431 2088; x_wconf 89' lang='lat' dir='ltr'><strong>est</strong></span> <span class='ocrx_word' id='word_1_111' title='bbox 456 2017 569 2090; x_wconf 87' lang='lat' dir='ltr'><strong>forma</strong></span> <span class='ocrx_word' id='word_1_112' title='bbox 599 2017 725 2100; x_wconf 80' lang='lat' dir='ltr'><strong>calidi3</strong></span> <span class='ocrx_word' id='word_1_113' title='bbox 756 2019 801 2090; x_wconf 91' lang='lat' dir='ltr'><strong>de</strong></span> <span class='ocrx_word' id='word_1_114' title='bbox 826 2040 897 2111; x_wconf 92' lang='lat' dir='ltr'><strong>quo</strong></span> <span class='ocrx_word' id='word_1_115' title='bbox 927 2019 965 2088; x_wconf 92' lang='lat' dir='ltr'><strong>in</strong></span> <span class='ocrx_word' id='word_1_116' title='bbox 992 2015 1261 2090; x_wconf 73' lang='lat' dir='ltr'><strong>vindemiatione</strong></span> 
     </span>
     <span class='ocr_line' id='line_1_16' title="bbox 148 2131 1262 2228; baseline 0.004 -26"><span class='ocrx_word' id='word_1_117' title='bbox 148 2131 272 2226; x_wconf 77' lang='lat' dir='ltr'><strong>primo</strong></span> <span class='ocrx_word' id='word_1_118' title='bbox 295 2131 339 2204; x_wconf 81' lang='lat' dir='ltr'><strong>de</strong></span> <span class='ocrx_word' id='word_1_119' title='bbox 360 2139 488 2204; x_wconf 80' lang='lat' dir='ltr'><strong>notura</strong></span> <span class='ocrx_word' id='word_1_120' title='bbox 504 2131 612 2203; x_wconf 83' lang='lat' dir='ltr'><strong>calidi</strong></span> <span class='ocrx_word' id='word_1_121' title='bbox 628 2134 794 2204; x_wconf 88' lang='lat' dir='ltr'><strong>diximus.</strong></span> <span class='ocrx_word' id='word_1_122' title='bbox 847 2132 975 2226; x_wconf 87' lang='lat' dir='ltr'><strong>Itaque</strong></span> <span class='ocrx_word' id='word_1_123' title='bbox 999 2131 1105 2228; x_wconf 84' lang='lat' dir='ltr'><strong>longe</strong></span> <span class='ocrx_word' id='word_1_124' title='bbox 1128 2135 1262 2206; x_wconf 87' lang='lat' dir='ltr'><strong>tardius</strong></span> 
     </span>
     <span class='ocr_line' id='line_1_17' title="bbox 155 2247 1262 2341; baseline 0 -21"><span class='ocrx_word' id='word_1_125' title='bbox 155 2257 195 2320; x_wconf 87' lang='lat' dir='ltr'><strong>et</strong></span> <span class='ocrx_word' id='word_1_126' title='bbox 212 2247 389 2320; x_wconf 81' lang='lat' dir='ltr'><strong>difficilius</strong></span> <span class='ocrx_word' id='word_1_127' title='bbox 406 2250 585 2322; x_wconf 81' lang='lat' dir='ltr'><strong>excitatur</strong></span> <span class='ocrx_word' id='word_1_128' title='bbox 601 2248 696 2320; x_wconf 86' lang='lat' dir='ltr'><strong>calor</strong></span> <span class='ocrx_word' id='word_1_129' title='bbox 712 2249 750 2319; x_wconf 94' lang='lat' dir='ltr'><strong>in</strong></span> <span class='ocrx_word' id='word_1_130' title='bbox 768 2247 884 2340; x_wconf 89' lang='lat' dir='ltr'><strong>lapide</strong></span> <span class='ocrx_word' id='word_1_131' title='bbox 901 2260 965 2320; x_wconf 88' lang='lat' dir='ltr'><strong>aut</strong></span> <span class='ocrx_word' id='word_1_132' title='bbox 981 2248 1140 2332; x_wconf 89' lang='lat' dir='ltr'><strong>metallo,</strong></span> <span class='ocrx_word' id='word_1_133' title='bbox 1154 2271 1262 2341; x_wconf 89' lang='lat' dir='ltr'><strong>quam</strong></span> 
     </span>
     <span class='ocr_line' id='line_1_18' title="bbox 154 2362 1263 2457; baseline 0.004 -25"><span class='ocrx_word' id='word_1_134' title='bbox 154 2362 194 2432; x_wconf 92' lang='lat' dir='ltr'><strong>in</strong></span> <span class='ocrx_word' id='word_1_135' title='bbox 223 2364 325 2448; x_wconf 79' lang='lat' dir='ltr'><strong>alire3</strong></span> <span class='ocrx_word' id='word_1_136' title='bbox 349 2363 397 2436; x_wconf 91' lang='lat' dir='ltr'><strong>ob</strong></span> <span class='ocrx_word' id='word_1_137' title='bbox 426 2362 688 2435; x_wconf 85' lang='lat' dir='ltr'><strong>inhabilitatem</strong></span> <span class='ocrx_word' id='word_1_138' title='bbox 718 2371 757 2434; x_wconf 92' lang='lat' dir='ltr'><strong>et</strong></span> <span class='ocrx_word' id='word_1_139' title='bbox 786 2365 1154 2457; x_wconf 89' lang='lat' dir='ltr'><strong>impromptitudinem</strong></span> <span class='ocrx_word' id='word_1_140' title='bbox 1185 2387 1263 2436; x_wconf 85' lang='lat' dir='ltr'><strong>eor-</strong></span> 
     </span>
     <span class='ocr_line' id='line_1_19' title="bbox 154 2479 1261 2573; baseline 0.003 -24"><span class='ocrx_word' id='word_1_141' title='bbox 154 2501 283 2573; x_wconf 89' lang='lat' dir='ltr'><strong>pomm</strong></span> <span class='ocrx_word' id='word_1_142' title='bbox 306 2479 449 2551; x_wconf 89' lang='lat' dir='ltr'><strong>illorum</strong></span> <span class='ocrx_word' id='word_1_143' title='bbox 475 2480 520 2552; x_wconf 88' lang='lat' dir='ltr'><strong>ad</strong></span> <span class='ocrx_word' id='word_1_144' title='bbox 545 2490 686 2551; x_wconf 92' lang='lat' dir='ltr'><strong>motum</strong></span> <span class='ocrx_word' id='word_1_145' title='bbox 710 2479 834 2567; x_wconf 92' lang='lat' dir='ltr'><strong>illum;</strong></span> <span class='ocrx_word' id='word_1_146' title='bbox 860 2481 912 2551; x_wconf 90' lang='lat' dir='ltr'><strong>ita</strong></span> <span class='ocrx_word' id='word_1_147' title='bbox 932 2490 974 2551; x_wconf 94' lang='lat' dir='ltr'><strong>ut</strong></span> <span class='ocrx_word' id='word_1_148' title='bbox 992 2480 1182 2552; x_wconf 83' lang='lat' dir='ltr'><strong>verisimile</strong></span> <span class='ocrx_word' id='word_1_149' title='bbox 1203 2482 1261 2563; x_wconf 89' lang='lat' dir='ltr'><strong>sit,</strong></span> 
     </span>
     <span class='ocr_line' id='line_1_20' title="bbox 154 2597 1262 2690; baseline -0.001 -22"><span class='ocrx_word' id='word_1_150' title='bbox 154 2617 259 2690; x_wconf 87' lang='lat' dir='ltr'><strong>posse</strong></span> <span class='ocrx_word' id='word_1_151' title='bbox 284 2618 361 2668; x_wconf 87' lang='lat' dir='ltr'><strong>esse</strong></span> <span class='ocrx_word' id='word_1_152' title='bbox 385 2597 535 2668; x_wconf 87' lang='lat' dir='ltr'><strong>interius</strong></span> <span class='ocrx_word' id='word_1_153' title='bbox 558 2619 678 2668; x_wconf 84' lang='lat' dir='ltr'><strong>versus</strong></span> <span class='ocrx_word' id='word_1_154' title='bbox 702 2597 835 2669; x_wconf 84' lang='lat' dir='ltr'><strong>viscera</strong></span> <span class='ocrx_word' id='word_1_155' title='bbox 860 2607 962 2668; x_wconf 87' lang='lat' dir='ltr'><strong>terrae</strong></span> <span class='ocrx_word' id='word_1_156' title='bbox 987 2597 1161 2680; x_wconf 84' lang='lat' dir='ltr'><strong>materias,</strong></span> <span class='ocrx_word' id='word_1_157' title='bbox 1184 2620 1262 2690; x_wconf 88' lang='lat' dir='ltr'><strong>quae</strong></span> 
     </span>
     <span class='ocr_line' id='line_1_21' title="bbox 154 2709 1261 2806; baseline -0.001 -23"><span class='ocrx_word' id='word_1_158' title='bbox 154 2709 310 2783; x_wconf 88' lang='lat' dir='ltr'><strong>oalelieri</strong></span> <span class='ocrx_word' id='word_1_159' title='bbox 346 2733 487 2806; x_wconf 88' lang='lat' dir='ltr'><strong>prorsus</strong></span> <span class='ocrx_word' id='word_1_160' title='bbox 523 2721 712 2805; x_wconf 89' lang='lat' dir='ltr'><strong>respuant;</strong></span> <span class='ocrx_word' id='word_1_161' title='bbox 743 2713 828 2805; x_wconf 89' lang='lat' dir='ltr'><strong>qnia</strong></span> <span class='ocrx_word' id='word_1_162' title='bbox 865 2713 911 2782; x_wconf 94' lang='lat' dir='ltr'><strong>ob</strong></span> <span class='ocrx_word' id='word_1_163' title='bbox 948 2712 1261 2783; x_wconf 86' lang='lat' dir='ltr'><strong>condensationem</strong></span> 
     </span>
     <span class='ocr_line' id='line_1_22' title="bbox 155 2828 1262 2923; baseline 0.002 -25"><span class='ocrx_word' id='word_1_164' title='bbox 155 2828 328 2922; x_wconf 85' lang='lat' dir='ltr'><strong>majorem</strong></span> <span class='ocrx_word' id='word_1_165' title='bbox 362 2828 484 2923; x_wconf 89' lang='lat' dir='ltr'><strong>spiritu</strong></span> <span class='ocrx_word' id='word_1_166' title='bbox 516 2829 580 2900; x_wconf 93' lang='lat' dir='ltr'><strong>illo</strong></span> <span class='ocrx_word' id='word_1_167' title='bbox 609 2829 863 2912; x_wconf 88' lang='lat' dir='ltr'><strong>destituuntur,</strong></span> <span class='ocrx_word' id='word_1_168' title='bbox 892 2851 914 2898; x_wconf 92' lang='lat' dir='ltr'><strong>a</strong></span> <span class='ocrx_word' id='word_1_169' title='bbox 943 2851 1013 2921; x_wconf 91' lang='lat' dir='ltr'><strong>quo</strong></span> <span class='ocrx_word' id='word_1_170' title='bbox 1044 2838 1164 2899; x_wconf 86' lang='lat' dir='ltr'><strong>motus</strong></span> <span class='ocrx_word' id='word_1_171' title='bbox 1193 2830 1262 2900; x_wconf 88' lang='lat' dir='ltr'><strong>iste</strong></span> 
     </span>
     <span class='ocr_line' id='line_1_23' title="bbox 155 2937 1263 3038; baseline 0.002 -24"><span class='ocrx_word' id='word_1_172' title='bbox 155 2943 378 3016; x_wconf 58' lang='lat' dir='ltr'><strong>natationis</strong></span> <span class='ocrx_word' id='word_1_173' title='bbox 393 2943 604 3038; x_wconf 87' lang='lat' dir='ltr'><strong>plerumque</strong></span> <span class='ocrx_word' id='word_1_174' title='bbox 620 2944 755 3038; x_wconf 87' lang='lat' dir='ltr'><strong>incipit.</strong></span> <span class='ocrx_word' id='word_1_175' title='bbox 791 2937 967 3015; x_wconf 87' lang='lat' dir='ltr'><strong>Similiter</strong></span> <span class='ocrx_word' id='word_1_176' title='bbox 983 2966 1128 3038; x_wconf 81' lang='lat' dir='ltr'><strong>magnos</strong></span> <span class='ocrx_word' id='word_1_177' title='bbox 1144 2944 1263 3016; x_wconf 91' lang='lat' dir='ltr'><strong>induit</strong></span> 
     </span>
     <span class='ocr_line' id='line_1_24' title="bbox 155 3059 1262 3154; baseline 0 -24"><span class='ocrx_word' id='word_1_178' title='bbox 155 3059 291 3131; x_wconf 81' lang='lat' dir='ltr'><strong>ferrum</strong></span> <span class='ocrx_word' id='word_1_179' title='bbox 315 3083 408 3131; x_wconf 85' lang='lat' dir='ltr'><strong>nova</strong></span> <span class='ocrx_word' id='word_1_180' title='bbox 433 3062 590 3154; x_wconf 89' lang='lat' dir='ltr'><strong>partium</strong></span> <span class='ocrx_word' id='word_1_181' title='bbox 616 3060 859 3152; x_wconf 88' lang='lat' dir='ltr'><strong>dispositione,</strong></span> <span class='ocrx_word' id='word_1_182' title='bbox 877 3069 916 3130; x_wconf 89' lang='lat' dir='ltr'><strong>et</strong></span> <span class='ocrx_word' id='word_1_183' title='bbox 941 3068 1042 3146; x_wconf 86' lang='lat' dir='ltr'><strong>motu</strong></span> <span class='ocrx_word' id='word_1_184' title='bbox 1068 3059 1262 3144; x_wconf 88' lang='lat' dir='ltr'><strong>conformi;</strong></span> 
     </span>
     <span class='ocr_line' id='line_1_25' title="bbox 155 3172 1264 3270; baseline -0.001 -24"><span class='ocrx_word' id='word_1_185' title='bbox 155 3177 233 3270; x_wconf 84' lang='lat' dir='ltr'><strong>ipse</strong></span> <span class='ocrx_word' id='word_1_186' title='bbox 255 3185 377 3248; x_wconf 91' lang='lat' dir='ltr'><strong>autem</strong></span> <span class='ocrx_word' id='word_1_187' title='bbox 402 3176 491 3247; x_wconf 85' lang='lat' dir='ltr'><strong>nihil</strong></span> <span class='ocrx_word' id='word_1_188' title='bbox 514 3199 561 3247; x_wconf 88' lang='lat' dir='ltr'><strong>ex</strong></span> <span class='ocrx_word' id='word_1_189' title='bbox 582 3176 715 3246; x_wconf 84' lang='lat' dir='ltr'><strong>virtute</strong></span> <span class='ocrx_word' id='word_1_190' title='bbox 738 3175 866 3268; x_wconf 89' lang='lat' dir='ltr'><strong>perdit.</strong></span> <span class='ocrx_word' id='word_1_191' title='bbox 919 3172 1094 3246; x_wconf 85' lang='lat' dir='ltr'><strong>Similiter</strong></span> <span class='ocrx_word' id='word_1_192' title='bbox 1110 3175 1264 3245; x_wconf 85' lang='lat' dir='ltr'><strong>fermen-</strong></span> 
     </span>
     <span class='ocr_line' id='line_1_26' title="bbox 156 3289 1264 3388; baseline -0.002 -24"><span class='ocrx_word' id='word_1_193' title='bbox 156 3301 237 3364; x_wconf 92' lang='lat' dir='ltr'><strong>tum</strong></span> <span class='ocrx_word' id='word_1_194' title='bbox 253 3295 363 3388; x_wconf 89' lang='lat' dir='ltr'><strong>panis,</strong></span> <span class='ocrx_word' id='word_1_195' title='bbox 376 3303 414 3364; x_wconf 91' lang='lat' dir='ltr'><strong>et</strong></span> <span class='ocrx_word' id='word_1_196' title='bbox 430 3291 495 3365; x_wconf 87' lang='lat' dir='ltr'><strong>llos</strong></span> <span class='ocrx_word' id='word_1_197' title='bbox 512 3293 666 3364; x_wconf 75' lang='lat' dir='ltr'><strong>cervisia</strong></span> <span class='ocrx_word' id='word_1_198' title='bbox 677 3289 717 3379; x_wconf 84' lang='lat'><strong>⁹¹,</strong></span> <span class='ocrx_word' id='word_1_199' title='bbox 731 3302 769 3364; x_wconf 89' lang='lat' dir='ltr'><strong>et</strong></span> <span class='ocrx_word' id='word_1_200' title='bbox 785 3291 974 3387; x_wconf 76' lang='lat' dir='ltr'><strong>coagulum</strong></span> <span class='ocrx_word' id='word_1_201' title='bbox 993 3289 1107 3376; x_wconf 83' lang='lat' dir='ltr'><strong>laetis,</strong></span> <span class='ocrx_word' id='word_1_202' title='bbox 1120 3299 1158 3362; x_wconf 88' lang='lat' dir='ltr'><strong>et</strong></span> <span class='ocrx_word' id='word_1_203' title='bbox 1174 3315 1264 3362; x_wconf 90' lang='lat' dir='ltr'><strong>non-</strong></span> 
     </span>
     <span class='ocr_line' id='line_1_27' title="bbox 155 3409 1264 3495; baseline -0.002 -14"><span class='ocrx_word' id='word_1_204' title='bbox 155 3409 258 3482; x_wconf 89' lang='lat' dir='ltr'><strong>nulla</strong></span> <span class='ocrx_word' id='word_1_205' title='bbox 273 3433 321 3482; x_wconf 89' lang='lat' dir='ltr'><strong>ex</strong></span> <span class='ocrx_word' id='word_1_206' title='bbox 338 3411 493 3495; x_wconf 84' lang='lat' dir='ltr'><strong>venenis,</strong></span> <span class='ocrx_word' id='word_1_207' title='bbox 511 3412 670 3483; x_wconf 79' lang='lat' dir='ltr'><strong>excitant</strong></span> <span class='ocrx_word' id='word_1_208' title='bbox 688 3419 727 3482; x_wconf 92' lang='lat' dir='ltr'><strong>et</strong></span> <span class='ocrx_word' id='word_1_209' title='bbox 748 3409 902 3480; x_wconf 88' lang='lat' dir='ltr'><strong>invitant</strong></span> <span class='ocrx_word' id='word_1_210' title='bbox 924 3419 1064 3480; x_wconf 86' lang='lat' dir='ltr'><strong>motum</strong></span> <span class='ocrx_word' id='word_1_211' title='bbox 1086 3410 1124 3480; x_wconf 90' lang='lat' dir='ltr'><strong>in</strong></span> <span class='ocrx_word' id='word_1_212' title='bbox 1148 3431 1264 3480; x_wconf 90' lang='lat' dir='ltr'><strong>massa</strong></span> 
     </span>
     <span class='ocr_line' id='line_1_28' title="bbox 155 3525 1263 3619; baseline -0.002 -21"><span class='ocrx_word' id='word_1_213' title='bbox 155 3525 330 3610; x_wconf 84' lang='lat' dir='ltr'><strong>farinaria,</strong></span> <span class='ocrx_word' id='word_1_214' title='bbox 355 3537 419 3598; x_wconf 91' lang='lat' dir='ltr'><strong>aut</strong></span> <span class='ocrx_word' id='word_1_215' title='bbox 444 3527 599 3610; x_wconf 84' lang='lat' dir='ltr'><strong>cervisia,</strong></span> <span class='ocrx_word' id='word_1_216' title='bbox 623 3534 686 3596; x_wconf 89' lang='lat' dir='ltr'><strong>aut</strong></span> <span class='ocrx_word' id='word_1_217' title='bbox 711 3548 823 3610; x_wconf 76' lang='lat' dir='ltr'><strong>caseo,</strong></span> <span class='ocrx_word' id='word_1_218' title='bbox 846 3534 911 3597; x_wconf 89' lang='lat' dir='ltr'><strong>aut</strong></span> <span class='ocrx_word' id='word_1_219' title='bbox 935 3548 1081 3619; x_wconf 81' lang='lat' dir='ltr'><strong>corpore</strong></span> <span class='ocrx_word' id='word_1_220' title='bbox 1106 3525 1263 3597; x_wconf 89' lang='lat' dir='ltr'><strong>humano</strong></span> 
     </span>
     <span class='ocr_line' id='line_1_29' title="bbox 154 3642 1264 3725; baseline 0 -12"><span class='ocrx_word' id='word_1_221' title='bbox 154 3644 395 3715; x_wconf 83' lang='lat' dir='ltr'><strong>successivum</strong></span> <span class='ocrx_word' id='word_1_222' title='bbox 431 3656 470 3715; x_wconf 92' lang='lat' dir='ltr'><strong>et</strong></span> <span class='ocrx_word' id='word_1_223' title='bbox 499 3643 772 3725; x_wconf 71' lang='lat' dir='ltr'><strong>continuatum</strong></span> <span class='ocrx_word' id='word_1_224' title='bbox 808 3664 880 3713; x_wconf 92' lang='lat' dir='ltr'><strong>non</strong></span> <span class='ocrx_word' id='word_1_225' title='bbox 915 3651 989 3714; x_wconf 88' lang='lat' dir='ltr'><strong>tam</strong></span> <span class='ocrx_word' id='word_1_226' title='bbox 1025 3663 1071 3712; x_wconf 88' lang='lat' dir='ltr'><strong>err</strong></span> <span class='ocrx_word' id='word_1_227' title='bbox 1100 3642 1135 3712; x_wconf 87' lang='lat' dir='ltr'><strong>vi</strong></span> <span class='ocrx_word' id='word_1_228' title='bbox 1164 3643 1264 3714; x_wconf 85' lang='lat' dir='ltr'><strong>exol-</strong></span> 
     </span>
     <span class='ocr_line' id='line_1_30' title="bbox 156 3757 1264 3854; baseline 0.001 -27"><span class='ocrx_word' id='word_1_229' title='bbox 156 3757 279 3843; x_wconf 88' lang='lat' dir='ltr'><strong>tantis,</strong></span> <span class='ocrx_word' id='word_1_230' title='bbox 313 3781 420 3851; x_wconf 89' lang='lat' dir='ltr'><strong>quam</strong></span> <span class='ocrx_word' id='word_1_231' title='bbox 457 3758 759 3854; x_wconf 73' lang='lat' dir='ltr'><strong>praedispositiono</strong></span> <span class='ocrx_word' id='word_1_232' title='bbox 797 3766 834 3829; x_wconf 92' lang='lat' dir='ltr'><strong>et</strong></span> <span class='ocrx_word' id='word_1_233' title='bbox 872 3757 967 3830; x_wconf 83' lang='lat' dir='ltr'><strong>facili</strong></span> <span class='ocrx_word' id='word_1_234' title='bbox 1004 3759 1163 3829; x_wconf 81' lang='lat' dir='ltr'><strong>cessione</strong></span> <span class='ocrx_word' id='word_1_235' title='bbox 1200 3779 1264 3828; x_wconf 86' lang='lat' dir='ltr'><strong>ex·</strong></span> 
     </span>
     <span class='ocr_line' id='line_1_31' title="bbox 139 3873 269 3944; baseline 0.015 -2"><span class='ocrx_word' id='word_1_236' title='bbox 139 3873 269 3944; x_wconf 67' lang='lat' dir='ltr'><strong>nitati.</strong></span> 
     </span>
    </p>
   </div>
   <div class='ocr_carea' id='block_1_5' title="bbox 154 4133 1263 4446">
    <p class='ocr_par' dir='ltr' id='par_1_5' title="bbox 154 4133 1263 4446">
     <span class='ocr_line' id='line_1_32' title="bbox 200 4133 1262 4209; baseline -0.004 -15"><span class='ocrx_word' id='word_1_237' title='bbox 200 4135 224 4177; x_wconf 84' lang='lat'><strong>⁹¹</strong></span> <span class='ocrx_word' id='word_1_238' title='bbox 254 4135 316 4194; x_wconf 80' lang='lat' dir='ltr'><strong>Flos</strong></span> <span class='ocrx_word' id='word_1_239' title='bbox 339 4137 466 4194; x_wconf 66' lang='lat' dir='ltr'><strong>misire</strong></span> <span class='ocrx_word' id='word_1_240' title='bbox 508 4135 634 4192; x_wconf 75' lang='lat' dir='ltr'><strong>“Belus‘’</strong></span> <span class='ocrx_word' id='word_1_241' title='bbox 658 4155 690 4194; x_wconf 87' lang='lat' dir='ltr'><strong>or</strong></span> <span class='ocrx_word' id='word_1_242' title='bbox 730 4139 795 4193; x_wconf 79' lang='lat' dir='ltr'><strong>celia</strong></span> <span class='ocrx_word' id='word_1_243' title='bbox 812 4147 839 4192; x_wconf 85' lang='lat' dir='ltr'><strong>ot</strong></span> <span class='ocrx_word' id='word_1_244' title='bbox 856 4138 926 4194; x_wconf 79' lang='lat' dir='ltr'><strong>ceria</strong></span> <span class='ocrx_word' id='word_1_245' title='bbox 943 4137 973 4192; x_wconf 88' lang='lat' dir='ltr'><strong>in</strong></span> <span class='ocrx_word' id='word_1_246' title='bbox 990 4135 1130 4209; x_wconf 82' lang='lat' dir='ltr'><strong>Hispania,</strong></span> <span class='ocrx_word' id='word_1_247' title='bbox 1144 4133 1262 4199; x_wconf 70' lang='lat' dir='ltr'><strong>sarnus,</strong></span> 
     </span>
     <span class='ocr_line' id='line_1_33' title="bbox 154 4211 1263 4288; baseline -0.006 -15"><span class='ocrx_word' id='word_1_248' title='bbox 154 4223 239 4288; x_wconf 71' lang='lat' dir='ltr'><strong>yson.</strong></span> <span class='ocrx_word' id='word_1_249' title='bbox 277 4215 462 4272; x_wconf 67' lang='lat' dir='ltr'><strong>Carnium</strong></span> <span class='ocrx_word' id='word_1_250' title='bbox 480 4215 594 4271; x_wconf 82' lang='lat' dir='ltr'><strong>sGallie</strong></span> <span class='ocrx_word' id='word_1_251' title='bbox 611 4233 690 4271; x_wconf 80' lang='lat' dir='ltr'><strong>name</strong></span> <span class='ocrx_word' id='word_1_252' title='bbox 729 4224 757 4271; x_wconf 81' lang='lat' dir='ltr'><strong>et</strong></span> <span class='ocrx_word' id='word_1_253' title='bbox 776 4217 854 4287; x_wconf 83' lang='lat' dir='ltr'><strong>plura</strong></span> <span class='ocrx_word' id='word_1_254' title='bbox 874 4216 1018 4288; x_wconf 74' lang='lat' dir='ltr'><strong>generain</strong></span> <span class='ocrx_word' id='word_1_255' title='bbox 1039 4214 1134 4276; x_wconf 83' lang='lat' dir='ltr'><strong>Gallia,</strong></span> <span class='ocrx_word' id='word_1_256' title='bbox 1152 4211 1263 4283; x_wconf 74' lang='lat' dir='ltr'><strong>muqne</strong></span> 
     </span>
     <span class='ocr_line' id='line_1_34' title="bbox 154 4290 1172 4366; baseline -0.004 -17"><span class='ocrx_word' id='word_1_257' title='bbox 154 4292 198 4349; x_wconf 87' lang='lat' dir='ltr'><strong>lor</strong></span> <span class='ocrx_word' id='word_1_258' title='bbox 221 4293 298 4354; x_wconf 80' lang='lat' dir='ltr'><strong>Beer.</strong></span> <span class='ocrx_word' id='word_1_259' title='bbox 335 4295 406 4351; x_wconf 78' lang='lat' dir='ltr'><strong>“Ex</strong></span> <span class='ocrx_word' id='word_1_260' title='bbox 429 4291 525 4350; x_wconf 79' lang='lat' dir='ltr'><strong>iisdem</strong></span> <span class='ocrx_word' id='word_1_261' title='bbox 542 4293 689 4365; x_wconf 71' lang='lat' dir='ltr'><strong>(frugibus)</strong></span> <span class='ocrx_word' id='word_1_262' title='bbox 729 4294 903 4366; x_wconf 81' lang='lat' dir='ltr'><strong>provinciis.”</strong></span> <span class='ocrx_word' id='word_1_263' title='bbox 933 4293 1001 4350; x_wconf 83' lang='lat' dir='ltr'><strong>Plin.</strong></span> <span class='ocrx_word' id='word_1_264' title='bbox 1016 4308 1060 4348; x_wconf 80' lang='lat' dir='ltr'><strong>aa.</strong></span> <span class='ocrx_word' id='word_1_265' title='bbox 1073 4290 1172 4364; x_wconf 61' lang='lat'><strong>2582.</strong></span> 
     </span>
     <span class='ocr_line' id='line_1_35' title="bbox 154 4370 688 4446; baseline -0.006 -18"><span class='ocrx_word' id='word_1_266' title='bbox 154 4371 225 4430; x_wconf 85' lang='lat' dir='ltr'><strong>liunt</strong></span> <span class='ocrx_word' id='word_1_267' title='bbox 241 4383 269 4429; x_wconf 82' lang='lat' dir='ltr'><strong>ot</strong></span> <span class='ocrx_word' id='word_1_268' title='bbox 286 4383 376 4446; x_wconf 81' lang='lat' dir='ltr'><strong>potus,</strong></span> <span class='ocrx_word' id='word_1_269' title='bbox 388 4372 499 4446; x_wconf 72' lang='lat' dir='ltr'><strong>zythum</strong></span> <span class='ocrx_word' id='word_1_270' title='bbox 517 4372 546 4427; x_wconf 89' lang='lat' dir='ltr'><strong>in</strong></span> <span class='ocrx_word' id='word_1_271' title='bbox 559 4370 688 4444; x_wconf 71' lang='lat' dir='ltr'><strong>AEgypto,</strong></span> 
     </span>
    </p>
   </div>
   <div class='ocr_carea' id='block_1_6' title="bbox 0 0 1582 5176">
    <p class='ocr_par' dir='ltr' id='par_1_6' title="bbox 0 0 1582 5176">
     <span class='ocr_line' id='line_1_36' title="bbox 0 0 1582 5176; baseline 0 0"><span class='ocrx_word' id='word_1_272' title='bbox 0 0 1582 5176; x_wconf 95' lang='lat' dir='ltr'><strong> </strong></span> 
     </span>
    </p>
   </div>
  </div>
 </body>
</html>
