3268 5146
641 347 730 413 LIB.
749 347 795 414 11.
810 368 863 430 40.
1239 349 1304 416 268

200 511 399 594 emittitur;
425 509 488 582 sed
513 517 655 582 tantum
675 511 770 582 inter
791 511 944 586 claustra
965 535 1031 584 sna
1053 520 1170 586 tentat
1186 523 1225 588 et
1242 538 1305 588 ex·

200 628 345 720 peritur,
362 633 471 720 atque
497 635 603 698 nacta
623 637 678 700 eat
701 637 819 722 partes
836 629 1024 725 tangibiles
1040 629 1249 702 obedientes
1266 641 1304 704 et

200 765 368 836 sequaces
384 743 422 814 in
439 751 627 836 promptu;
653 745 706 816 ita
720 753 764 816 nt
780 767 852 837 quo
869 745 1013 839 spiritus
1029 747 1114 840 agit,
1131 769 1181 820 eoe
1197 747 1304 822 simul

200 867 412 952 aequantur:
440 867 518 932 tum
535 881 619 932 vero
635 861 796 952 sequitur
817 860 1016 935 efformatio
1039 861 1076 932 in
1100 885 1226 956 corpus
1249 887 1304 936 cr-

199 975 378 1070 ganicum,
393 982 433 1048 et
455 975 739 1060 membrificatio,
762 976 965 1071 etreliqua
987 980 1145 1052 actiones
1167 981 1302 1066 vitales,

200 1092 329 1162 tamin
345 1090 605 1186 vegetabilibus
621 1114 729 1186 qnam
753 1094 791 1166 in
816 1094 1038 1168 animalibus.
1089 1093 1214 1190 Atque
1231 1097 1304 1170 boeo

199 1209 357 1282 maxime
373 1209 601 1281 deducuntur
617 1210 663 1280 ad
680 1232 834 1295 sensnm,
852 1233 914 1303 per
933 1213 1135 1286 notationes
1154 1213 1304 1310 diligen·

201 1334 257 1397 tes
271 1327 464 1420 primorum
491 1327 698 1418 inceptuum
721 1337 760 1397 et
781 1327 1065 1400 rudimentorum
1089 1331 1164 1400 sive
1187 1338 1304 1401 tenta·

199 1450 403 1516 mentorum
416 1443 498 1514 vitae
515 1443 552 1514 in
570 1442 790 1515 animalculis
807 1466 852 1514 ex
868 1444 1131 1536 putrefactione
1148 1449 1250 1531 natis,
1262 1455 1304 1518 ut

200 1559 238 1630 in
263 1559 339 1630 ovis
367 1558 604 1643 formicarum,
622 1559 813 1642 vermibus,
839 1561 980 1642 muscis,
1006 1562 1099 1632 ranis
1128 1572 1209 1654 post
1238 1564 1305 1635 lm·

199 1673 311 1756 brem,
339 1671 406 1748 &e
469 1674 677 1768 Requiritur
708 1683 830 1746 autem
864 1675 910 1745 ad
946 1676 1230 1760 vivificationem,
1265 1689 1304 1752 et

200 1787 328 1862 lenitas
352 1791 487 1875 caloris,
504 1800 543 1862 et
569 1791 686 1862 lenter
710 1792 885 1885 corporis;
910 1801 953 1864 ut
978 1793 1124 1885 spiritus
1149 1815 1215 1866 nec
1239 1818 1305 1888 per

200 1905 464 1978 festinationem
489 1915 661 1998 crumpat,
682 1927 749 1976 nec
775 1927 839 1998 per
863 1907 1121 1978 contumaciam
1148 1909 1302 2000 partium

197 2022 421 2096 coerceatur:
448 2022 534 2115 quin
552 2023 671 2116 potius
688 2023 733 2092 ad
751 2043 839 2094 cere
856 2023 1002 2093 modum
1021 2021 1099 2094 illas
1115 2021 1248 2116 plicare
1264 2034 1303 2097 et

198 2137 367 2234 effingere
384 2140 503 2234 poscr.
1010 2227 1016 2236 .

248 2253 394 2340 Rursus,
412 2255 613 2328 differentia
629 2252 691 2326 illa
706 2253 851 2347 spiritus
871 2255 1029 2326 maxime
1045 2253 1185 2337 nobilis,
1202 2261 1241 2327 st
1256 2257 1302 2328 ad

198 2370 352 2465 plurima
376 2373 568 2466 pertinens,
595 2363 677 2464 (vin.
702 2371 846 2465 spiritus
871 2370 1039 2454 abscissi;
1065 2374 1192 2446 ramosi
1218 2373 1302 2444 sim·

199 2485 360 2580 pliciter;
390 2489 516 2560 ramosi
546 2486 652 2558 simul
683 2495 721 2558 ct
751 2486 929 2560 cellulati:
962 2487 1168 2580 exquibus
1198 2489 1300 2580 prior,

199 2611 256 2676 est
283 2603 427 2696 spiritus
451 2604 613 2674 omnium
638 2625 826 2698 corporum
856 2603 1151 2688 inanimatorum3
1176 2627 1302 2680 seeun-

197 2719 276 2804 dus,
303 2719 576 2814 vegetabilium
602 2721 739 2802 tertius,
769 2720 975 2804 animalium
988 2720 1012 2807 t)
1038 2743 1103 2814 per
1131 2721 1301 2813 plurimas

199 2834 383 2907 instantias
400 2835 624 2908 deductorias
643 2843 813 2929 tanquam
831 2835 898 2907 sub
915 2835 1037 2908 oculos
1053 2838 1209 2930 ponitur.

248 2949 422 3023 Similiter
444 2960 553 3044 patet,
572 2953 667 3045 quod
691 2951 894 3026 subtiliores
919 2961 1071 3026 texturae
1089 2962 1128 3024 et
1144 2954 1301 3026 schcma-

198 3067 296 3138 tismi
318 3091 436 3140 rerum
455 3067 556 3150 (licet
578 3077 656 3139 toto
680 3090 826 3161 corpore
842 3066 1046 3152 visibilium,
1063 3077 1127 3139 aut
1150 3069 1302 3163 tangibi-

197 3181 302 3276 lium)
332 3205 398 3254 nec
432 3192 633 3265 cernantur,
664 3207 730 3254 nec
761 3191 963 3278 tangantur.
1021 3183 1141 3270 Quare
1174 3185 1212 3254 in
1245 3184 1301 3257 bis

197 3321 339 3392 quoque
356 3321 421 3392 per
437 3299 692 3372 deductionem
712 3300 877 3394 procedit
896 3300 1110 3372 informatio.
1162 3299 1216 3371 At
1233 3299 1300 3371 dif-

197 3416 349 3488 ferentia
368 3416 699 3488 scbematismorum
722 3419 880 3490 maxime
903 3415 1065 3488 radicalis
1081 3427 1120 3488 et
1137 3418 1303 3509 primaria

197 3533 351 3604 sumitur
367 3555 414 3603 ex
425 3533 528 3627 copia
542 3532 597 3604 vel
616 3531 797 3627 paucitate
814 3533 1076 3625 materiaeque
1092 3531 1188 3604 subit
1205 3532 1302 3603 idem

196 3652 352 3744 spatium
382 3649 456 3722 sive
486 3652 700 3722 dimensum.
758 3651 903 3744 Reliqui
934 3653 1033 3724 enim
1062 3651 1302 3724 schematismi

197 3763 274 3859 (qui
296 3765 502 3839 referuntur
522 3768 567 3838 ed
592 3767 887 3839 dissimilentates
908 3769 1076 3862 partium,
1093 3791 1171 3862 qnae
1188 3769 1227 3839 in
1245 3791 1304 3838 eo-

196 3881 280 3954 dem
297 3905 443 3976 corpore
460 3885 701 3968 continentur,
720 3893 759 3956 et
784 3884 1039 3957 collocationes
1063 3907 1105 3956 ac
1130 3886 1304 3981 posituras

196 3998 405 4092 earundem)
422 4021 494 4092 prae
510 3998 572 4070 illo
590 3998 703 4072 altero
720 4011 805 4072 sunt
823 4000 1031 4073 secundarii.

248 4113 306 4186 Sit
321 4115 443 4206 itaque
460 4123 589 4188 natura
611 4117 788 4209 inquisita,
812 4119 982 4211 expansio
1008 4120 1083 4190 sive
1105 4117 1214 4189 coitio
1230 4137 1305 4186 ma-

195 4229 293 4301 terioe
318 4230 355 4300 in
382 4230 586 4323 corporibus
611 4234 832 4326 respective:
858 4235 925 4304 viz.
944 4241 1121 4326 quantum
1147 4231 1305 4301 materies

196 4345 342 4440 impleat
368 4356 544 4437 quantum
571 4346 773 4426 dimensum
804 4349 841 4422 in
868 4346 1026 4442 singulis.
1080 4345 1226 4420 Etenim
1254 4344 1303 4417 nil
