3268 5146
325 363 390 427 206
650 358 824 424 NOVUM
847 356 1096 424 ORGANUM.

325 529 488 610 rientem,
505 525 566 596 sed
593 524 660 596 sub
685 524 861 596 contruris
885 532 1013 595 nature
1038 521 1223 607 lutsntem,
1245 531 1284 593 et
1306 521 1431 594 subuc-

326 647 413 712 tum.
465 639 560 711 Sunt
581 646 703 710 sutem
727 637 930 731 hujusmodi
948 635 1125 708 instantio
1141 635 1261 730 magni
1284 636 1430 708 omuino

325 757 510 836 momenti,
528 755 573 825 ud
600 755 831 826 inveniendas
856 754 1008 834 ionnos3
1036 752 1121 846 quin
1144 753 1237 824 sicut
1253 751 1432 824 ostcmiooe

326 873 464 944 ducunt
494 870 597 943 focile
630 871 676 942 od
710 869 935 953 differentias,
960 871 1012 941 ito
1041 867 1263 942 cloudcstimc
1292 870 1430 940 ducunt

326 988 462 1082 optime
478 987 523 1058 ed
544 1009 694 1082 genero;
722 987 758 1058 id
782 997 847 1069 est,
864 986 910 1059 od
938 995 1081 1058 noturus
1108 984 1186 1057 illus
1211 1007 1429 1069 communes,

326 1126 475 1198 quarum
492 1113 627 1176 naturae
643 1105 820 1198 inquisitae
840 1103 929 1174 nihil
951 1102 1050 1176 uliud
1072 1111 1156 1176 sunt
1173 1127 1280 1196 quum
1297 1101 1430 1174 limite-

324 1222 451 1292 tiones.

376 1336 545 1430 Exempli
562 1337 697 1432 gratim
722 1337 914 1408 situatum
938 1336 1116 1429 inquisitu,
1133 1336 1337 1419 consistens,
1354 1336 1430 1408 sire

326 1477 364 1526 so
394 1454 654 1536 determinans3
680 1453 781 1544 cujus
811 1455 1027 1525 contrarium
1055 1461 1113 1526 est
1141 1452 1326 1547 liquidnm,
1356 1454 1429 1524 sive

326 1569 449 1643 fluens.
501 1567 687 1640 Iustoutioe
709 1567 930 1643 eumcum
952 1579 1035 1642 sunt
1060 1569 1138 1654 illc,
1156 1593 1235 1663 quae
1257 1569 1430 1642 exhibent

325 1687 474 1781 gradum
493 1685 706 1757 nonnullum
724 1685 879 1758 debilem
897 1697 935 1758 et
952 1687 1132 1758 infirmum
1150 1687 1373 1759 consistentis
1389 1688 1429 1758 in

327 1804 457 1886 iluido;
482 1802 596 1876 veluti
623 1802 722 1874 bullo
749 1827 858 1896 equis,
881 1827 959 1897 qnoe
988 1813 1044 1876 est
1066 1813 1235 1898 tunquam
1262 1802 1431 1898 pelliculo

327 1921 485 2012 quaednm
515 1921 720 2004 consistens,
746 1929 784 1991 et
814 1921 1060 2005 determinato,
1089 1921 1183 1994 lucto
1210 1943 1257 1994 ex
1283 1942 1430 2014 corpore

325 2061 435 2130 nquae.
487 2037 661 2109 Similiter
684 2035 872 2122 stillicidio,
890 2063 978 2132 quse,
1000 2039 1029 2109 si
1053 2039 1209 2110 adfuerit
1232 2061 1324 2132 equs
1349 2061 1430 2131 quse

326 2155 503 2239 succedat
528 2154 729 2250 producunt
755 2177 793 2226 se
823 2156 859 2228 in
890 2155 991 2227 iilum
1020 2155 1214 2228 admodum
1241 2165 1359 2239 tenue,
1382 2179 1430 2228 ne

327 2272 611 2343 discontinuetur
630 2295 742 2363 nqua3
768 2280 807 2342 ot
829 2273 859 2343 si
881 2295 950 2344 non
976 2273 1081 2344 detur
1102 2271 1184 2345 tulis
1200 2273 1301 2366 copis
1317 2295 1429 2365 uquae,

326 2410 404 2479 quoe
422 2388 614 2460 succedere
632 2388 749 2480 possit,
763 2389 859 2460 cudit
875 2412 968 2482 equs
985 2390 1021 2460 in
1038 2389 1151 2485 guttis
1167 2389 1337 2474 rotundis,
1351 2412 1430 2483 quoe

327 2513 383 2574 est
405 2502 529 2598 ligura,
548 2527 625 2597 quoe
648 2505 783 2598 optime
809 2529 936 2600 aquom
965 2507 1119 2578 sustinet
1144 2515 1269 2579 contro
1292 2505 1431 2578 discon-

327 2619 562 2691 tinuutionem
573 2615 612 2691 ⁵⁶.
664 2619 718 2690 At
739 2623 775 2692 in
799 2622 874 2714 ipso
898 2623 1067 2716 temporis
1090 2625 1250 2705 articulo,
1268 2646 1348 2695 cum
1366 2623 1430 2693 de-

325 2736 411 2806 sinit
430 2734 531 2807 tilum
555 2761 670 2829 aquae,
688 2746 726 2810 et
751 2739 876 2832 incipit
901 2741 1090 2812 descensus
1116 2742 1153 2812 in
1178 2742 1299 2837 guttis,
1317 2737 1431 2812 resilit

326 2853 401 2945 ipsc
438 2874 530 2944 equs
569 2876 706 2924 sursum
742 2853 787 2926 nd
822 2856 1024 2927 evitandam
1057 2857 1430 2929 discoutinuutionem.

327 2967 424 3052 Quin
453 2969 488 3039 in
517 2969 681 3055 metallis,
707 2995 788 3067 quae
815 2995 925 3065 quum
951 2974 1152 3045 funduntur
1177 2983 1261 3054 sunt
1284 2973 1430 3066 liquido,

327 3086 388 3158 sed
413 3087 525 3182 magis
548 3091 696 3174 tenacis,
715 3091 892 3184 rccipiunt
916 3114 954 3163 se
979 3115 1071 3185 saepe
1093 3101 1206 3186 guttae
1231 3091 1430 3184 liquefactos

327 3223 477 3288 sursum,
508 3213 618 3298 atque
651 3207 703 3277 ita
736 3206 887 3280 haerent.
940 3207 1066 3279 Simile
1100 3208 1270 3302 quiddam
1302 3217 1358 3280 est
1391 3209 1430 3280 in

327 3319 496 3392 instantis
518 3321 740 3416 speculorum
757 3322 959 3416 puerilium,
977 3348 1055 3418 quae
1078 3324 1194 3396 solent
1211 3324 1326 3396 fucere
1343 3347 1432 3418 pue-

327 3436 396 3506 ruli
424 3439 461 3508 in
491 3440 612 3532 scirpis
637 3463 683 3512 ex
713 3439 831 3525 selivu,
854 3442 915 3512 ubi
943 3443 1100 3513 comitur
1126 3443 1235 3514 etium
1263 3439 1432 3535 pelliculo

327 3555 522 3625 consistens
551 3579 660 3648 oquoe.
711 3555 765 3630 At
796 3557 911 3630 multo
942 3559 1069 3630 melius
1102 3581 1141 3630 se
1174 3559 1333 3631 ostendit
1360 3558 1430 3630 hoo

328 3669 446 3760 ipsum
474 3671 510 3740 in
538 3671 652 3746 altero
681 3674 745 3746 illo
774 3677 910 3748 ludicro
940 3676 1087 3770 puerili;
1114 3677 1255 3771 quondo
1285 3677 1432 3770 copiunt

328 3807 468 3876 equum,
494 3810 558 3880 per
584 3812 751 3883 saponem
779 3793 908 3866 factam
938 3794 1044 3888 poulo
1072 3797 1298 3879 tenaciorem,
1321 3803 1431 3887 utque

328 3899 455 3974 inflent
481 3927 561 3976 enm
587 3929 650 3999 per
674 3909 850 3982 calumum
878 3933 1015 3994 cavum,
1033 3919 1142 4004 utque
1166 3911 1251 3982 inde
1275 3911 1432 3982 formant

328 4039 468 4110 equom,
484 4029 653 4114 tanquam
669 4025 707 4095 in
725 4026 910 4099 castellum
924 4027 1121 4114 bullarum3
1147 4051 1225 4121 qnae
1242 4050 1306 4122 per
1322 4028 1433 4100 inter·

328 4135 542 4227 positionem
565 4141 655 4212 uiris
678 4142 817 4216 inducit
839 4146 1116 4228 consistentium,
1134 4166 1177 4218 co
1199 4157 1370 4240 nequent
1393 4167 1433 4218 se

327 4321 535 4456 mqumpsro
554 4327 601 4384 the
620 4329 669 4400 5th
690 4330 757 4387 kind
773 4331 806 4388 oi
820 4332 937 4400 diction,
961 4335 1022 4392 inlr.
1043 4334 1135 4404 inp,
1148 4334 1271 4392 “Motu
1294 4335 1433 4390 mutina·
