3222 5148
620 353 709 420 ms.
734 353 779 420 11.
799 373 934 440 12-13.
1264 353 1327 426 169

224 517 306 590 lunt
322 525 439 612 partes
455 526 494 590 et
511 527 735 588 consumunt.
788 518 920 610 Neque
943 518 1026 589 huic
1052 517 1228 590 instentiae
1244 519 1327 590 sub-

218 634 383 729 jungitur
398 633 567 731 mcyatioc.
616 631 740 726 Atque
759 634 796 704 in
819 634 986 704 animetis
1008 633 1127 704 nullus
1149 635 1327 727 reperitur

224 749 335 832 dolor,
353 751 419 822 nisi
436 774 519 821 cum
537 751 690 844 quodam
709 772 814 820 sensu
831 749 958 822 caloris
967 746 1005 821 ⁷⁸.

537 897 603 970 Ac
616 897 810 971 vicesimam
827 895 1015 990 septimam.

276 1018 335 1085 82.
361 1013 578 1087 Communes
600 1024 684 1086 sunt
706 1014 904 1108 complures
926 1015 1083 1085 actiones
1105 1022 1144 1086 et
1164 1013 1269 1085 calidi
1288 1023 1326 1086 et

226 1129 355 1225 frigidi,
372 1131 458 1201 licet
480 1132 616 1202 diverse
639 1129 829 1201 admodum
854 1131 1003 1201 ratione.
1056 1129 1153 1201 Num
1171 1141 1209 1202 et
1226 1132 1325 1202 uires

225 1269 416 1341 puerorum
434 1270 560 1318 munus
578 1247 744 1317 videntur
767 1245 873 1338 paulo
896 1254 976 1337 post
993 1269 1115 1334 urere;
1142 1257 1179 1318 et
1196 1247 1326 1340 frigora

225 1373 374 1436 tuentur
407 1388 528 1435 carnes
561 1388 583 1435 u
616 1364 876 1456 putrefactione
885 1358 923 1445 ⁷⁹,
957 1385 1029 1434 non
1066 1366 1184 1434 minus
1218 1387 1326 1457 quom

225 1481 337 1574 iguis;
364 1487 402 1551 et
431 1479 564 1550 colores
594 1479 808 1552 contrahunt
834 1501 980 1572 corpora
1008 1479 1046 1548 in
1076 1481 1204 1562 miuus,
1230 1480 1326 1572 quod

226 1597 361 1668 fuciunt
377 1605 415 1666 et
432 1596 571 1690 frigida.
624 1596 762 1669 Verum
787 1595 862 1666 haec
885 1603 922 1665 et
948 1593 1077 1666 similia
1093 1595 1326 1688 opportunius

226 1720 282 1784 est
297 1711 428 1781 referre
445 1711 489 1781 ad
507 1711 773 1803 inquisitionem
790 1710 836 1780 de
854 1709 994 1804 frigido.

274 1957 394 2031 Tertio
412 1959 573 2031 faciende
590 1970 645 2030 est
662 1856 893 2054 comiffim
910 1956 959 2027 ud
974 1954 1176 2029 intellectum
1194 1960 1327 2030 instan-

228 2077 358 2147 timum
376 2076 412 2146 in
430 2076 557 2167 quibus
583 2085 717 2158 nature,
736 2075 782 2146 de
800 2097 869 2166 qun
885 2074 928 2143 fit
944 2074 1137 2165 inquisitio,
1155 2076 1249 2146 inest
1273 2098 1328 2145 se-

228 2191 385 2262 cundnm
410 2193 524 2286 magis
541 2199 580 2262 et
596 2193 737 2274 minus;
764 2191 838 2261 sive
865 2189 959 2259 fucta
985 2191 1248 2281 computatione
1273 2191 1328 2260 in·

228 2308 400 2378 crementi
427 2315 465 2377 et
491 2307 708 2376 decrementi
734 2304 772 2374 in
798 2304 926 2376 eodem
951 2305 1122 2397 subjecto,
1141 2307 1215 2376 sive
1233 2305 1328 2378 facta

228 2423 491 2516 comparatione
516 2422 737 2492 adinvicem
764 2422 801 2490 in
828 2419 997 2512 subjectis
1022 2419 1181 2490 diversis.
1233 2421 1327 2492 Cum

229 2538 323 2607 enim
347 2537 460 2607 forma
483 2537 533 2607 rei
550 2538 597 2607 sit
614 2537 788 2629 ipsissima
812 2557 888 2618 res;
916 2557 1034 2627 neque
1060 2535 1199 2607 differat
1225 2561 1282 2609 res
1306 2561 1329 2608 a

230 2651 343 2722 formo
367 2653 472 2722 aliter
489 2675 595 2744 quam
622 2649 793 2722 differunt
818 2673 989 2744 apparens
1014 2659 1053 2722 et
1080 2653 1248 2736 existens,
1264 2663 1329 2724 unt

230 2769 386 2838 exterius
412 2777 449 2838 et
474 2767 633 2850 interius,
654 2775 717 2836 eut
743 2769 779 2836 in
804 2767 928 2838 ordine
953 2768 998 2837 ed
1024 2767 1206 2839 hominem
1229 2769 1327 2839 etin

230 2883 352 2953 ordine
370 2884 414 2954 cd
432 2885 655 2965 universnm
682 2883 826 2953 omnino
843 2883 1015 2975 sequitur,
1033 2891 1162 2954 utnon
1180 2886 1329 2979 recipiu-

230 3007 289 3068 tur
305 2998 422 3090 alique
447 3008 573 3069 nature
597 3021 761 3092 provere
785 2999 908 3082 forms,
926 3000 994 3069 nisi
1017 3009 1191 3093 perpetuo
1209 3001 1330 3071 decre-

230 3123 314 3199 scat,
333 3116 473 3207 qnando
490 3124 615 3186 nutura
631 3114 708 3208 ipse
725 3116 907 3197 decrescit,
920 3123 957 3185 et
975 3115 1140 3186 similiter
1155 3126 1329 3210 perpetuo

231 3239 411 3323 angeatur,
430 3231 571 3322 quondo
588 3238 716 3300 nutura
738 3231 814 3320 ipsa
838 3226 1032 3323 augeturffl.
1086 3227 1191 3300 Hsnc
1208 3231 1330 3323 itaque

230 3344 400 3429 tabulam,
422 3343 587 3417 Tabulam
608 3343 783 3442 qradumm
807 3346 880 3415 sive
901 3341 1065 3415 Tubulum
1089 3345 1333 3440 comparativae

231 3461 409 3555 appellare
426 3464 685 3534 consuevimus.

335 3611 467 3686 Tubulo
478 3613 663 3711 muricum,
679 3613 751 3685 siue
769 3611 1023 3707 Comparatiooe
1041 3612 1078 3682 in
1094 3610 1230 3686 Calido.

282 3727 405 3802 Primo
429 3732 552 3824 itaque
576 3731 737 3802 dicemus
762 3730 807 3800 de
833 3729 887 3812 iis,
913 3753 992 3822 quae
1022 3728 1161 3800 nullum
1191 3753 1333 3822 prorsus

266 3889 293 3932 7⁰
306 3891 348 3945 dn
358 3889 516 3947 unicundcd
528 3891 665 3946 assertion.
801 3906 837 3943 on
849 3887 894 3942 the
906 3887 955 3960 9th
967 3888 1044 3960 April
1058 3889 1135 3944 1626.
1187 3917 1188 3921 1

266 3967 294 4009 ⁷⁹
305 3969 331 4024 lt
342 3969 364 4024 is
377 3969 463 4024 worth
475 3969 594 4040 noticing
605 3968 664 4024 thet
674 3968 696 4022 it
707 3985 761 4022 was
831 3966 857 4006 ω
867 3967 934 4022 This
946 3969 1078 4040 ianguage
1090 3967 1113 4023 is
1125 3967 1172 4024 the
1184 3987 1256 4024 seme
1267 3969 1333 4024 with

230 4049 440 4120 onexpesiment
451 4066 488 4103 on
499 4047 545 4103 the
556 4065 645 4118 power
656 4046 687 4102 of
700 4046 760 4102 sold
801 4045 860 4101 chat
876 4047 904 4101 in
924 4045 963 4101 11.
976 4065 1002 4113 4.
1040 4047 1102 4101 “Iu
1121 4047 1213 4102 ordine
1232 4047 1266 4102 ud
1283 4048 1333 4102 ho·

229 4133 259 4182 to
276 4143 397 4198 precem
414 4125 507 4182 bodies
524 4125 583 4181 that
598 4135 656 4182 eost
669 4125 760 4180 Baton
801 4126 911 4191 minem,
935 4125 1005 4179 &c.”
1030 4125 1206 4197 corresponds
1235 4135 1263 4181 to
1288 4124 1335 4180 the

230 4203 346 4270 niumm
364 4205 406 4261 ior
423 4205 457 4260 he
475 4204 575 4276 caught
593 4223 609 4260 a
627 4203 687 4260 ccld
706 4204 760 4258 and
801 4203 913 4260 modern
934 4201 1064 4258 technionl
1081 4203 1176 4258 Terms
1196 4210 1215 4235 ‘¹
1227 4204 1333 4276 subjec-

231 4283 424 4340 inflammation
439 4283 516 4338 while
537 4282 648 4354 stuffing
665 4300 682 4337 a
698 4282 761 4337 fowl
801 4284 873 4340 tiv0”
885 4282 938 4338 sud
951 4281 1132 4354 “objicere”

232 4361 297 4418 vich
318 4379 393 4418 unove
411 4371 439 4416 st
459 4362 606 4434 flighgsm
627 4360 680 4416 sud
702 4360 763 4416 died
