3222 5148
326 334 390 398 no
650 331 826 400 NOVUM
848 331 1097 400 ORGANUM.

320 505 403 566 stroe
428 495 545 568 olsudi
571 495 688 582 debet,
715 519 792 591 quae
817 497 1001 589 perooitur
1025 495 1140 568 tribus
1166 493 1427 589 redargutioni·

321 609 410 698 bus;
444 612 698 708 redargutione
726 613 896 684 nimirum
920 608 1083 684 rum
1111 610 1262 683 rationis
1287 609 1426 691 uotiua,

321 735 361 798 et
386 727 454 798 sibi
482 728 681 822 permissae3
714 728 964 824 redargutione
994 725 1350 804 ammiratum,-
1389 729 1429 795 et

322 843 574 939 redargutione
598 841 822 928 theodorum,
843 845 919 917 sire
944 843 1258 938 philosophorum,
1278 849 1320 912 et
1343 841 1430 910 doe-

323 958 507 1040 urinarum,
524 982 604 1053 quoe
628 969 780 1054 receptae
805 969 900 1032 nunt
952 958 1171 1052 Redmgutio
1194 979 1279 1029 vero
1304 975 1428 1026 eurum

322 1073 405 1146 tulis
431 1075 513 1160 fuit,
542 1077 655 1170 qualis
684 1099 762 1150 emo
788 1077 929 1170 potuit;
962 1075 1131 1146 videlieet
1158 1096 1223 1167 per
1250 1073 1362 1167 signu,
1388 1077 1429 1143 et

322 1191 540 1264 evidentium
574 1215 780 1276 onustorum
822 1213 907 1264 oum
939 1192 1138 1264 oonfntutio
1170 1189 1241 1260 sliu
1273 1187 1376 1260 nullu
1406 1209 1430 1258 n

323 1305 428 1378 nobis
447 1307 524 1400 (qni
541 1317 581 1382 et
596 1308 645 1379 do
660 1309 851 1402 principiis,
868 1307 970 1380 etde
990 1305 1365 1392 demonstrationibus,
1382 1303 1430 1376 ub

321 1419 401 1494 nliis
418 1423 660 1515 dissentimus)
677 1424 838 1496 udhiboi
854 1423 1023 1517 potuerit.

373 1536 551 1621 Quocirca
564 1547 708 1632 tempus
730 1549 797 1626 est,
816 1550 861 1611 ut
875 1538 921 1610 nd
945 1539 1057 1633 ipsum
1075 1547 1190 1611 ortem
1207 1548 1248 1609 ot
1266 1559 1429 1608 normam

323 1654 578 1750 interpretandi
606 1665 768 1730 naturum
798 1659 1005 1742 veniumus;
1043 1668 1083 1728 et
1112 1665 1234 1728 tumen
1264 1654 1430 1728 nonnihil

323 1779 444 1854 restet
470 1773 565 1865 quod
592 1775 880 1866 praevertendum
906 1782 972 1846 est.
1024 1771 1147 1856 Quum
1173 1770 1271 1844 enirn
1296 1771 1335 1841 in
1361 1771 1431 1842 hoo

323 1888 438 1981 primo
458 1885 735 1984 aphorismorum
763 1889 854 1962 libro
880 1889 971 1961 illud
996 1889 1100 1960 nobis
1124 1888 1347 1983 propositum
1371 1888 1429 1972 sit,

323 2015 366 2074 nt
395 2012 470 2075 turn
496 2005 543 2076 nd
572 2003 855 2099 intelligendum,
882 2027 991 2098 quum
1020 2006 1067 2077 nd
1096 2005 1342 2098 reoipiendum
1374 2025 1430 2088 os,

322 2141 402 2212 quae
434 2131 644 2213 sequuntur,
673 2129 815 2194 mentes
842 2121 1031 2193 hominnm
1060 2129 1323 2214 praepsrontnr3
1366 2141 1431 2192 ex-

323 2247 474 2333 purgatu
484 2239 572 2332 jum,
589 2247 628 2310 ot
643 2238 776 2322 ubrurn
794 2245 833 2310 et
849 2247 989 2332 equote
1004 2239 1136 2310 mentis
1155 2259 1250 2322 areu,
1266 2239 1432 2332 sequitur

322 2363 366 2425 ut
381 2376 484 2426 ruens
504 2355 649 2426 sistetur
666 2355 704 2424 in
721 2355 897 2447 positione
913 2355 1017 2438 bons,
1033 2363 1073 2426 ot
1093 2363 1264 2446 tunquam
1280 2363 1431 2446 nqreotu

323 2469 573 2555 benevolenti
598 2491 644 2542 oo
666 2491 744 2564 que
769 2491 1018 2565 proponemus
1070 2469 1179 2541 Volet
1202 2470 1299 2539 enirn
1325 2468 1366 2540 in
1389 2492 1431 2542 ro

323 2608 415 2657 nove
440 2586 487 2658 ud
518 2587 771 2680 prejudicium,
797 2609 869 2658 non
896 2587 1012 2660 solum
1038 2587 1297 2680 praeoooupstio
1327 2586 1432 2658 fortis

322 2701 498 2795 opinionis
526 2703 666 2783 ueteris,
697 2703 759 2774 sed
790 2712 828 2774 et
861 2704 1052 2797 praeoeptio
1084 2704 1158 2774 siue
1191 2702 1431 2798 praefigurans

324 2817 413 2890 sulse
434 2817 496 2901 roi,
519 2840 598 2910 quae
620 2815 776 2890 offertur.
829 2817 958 2913 Itoque
981 2819 1189 2891 oonebimnr
1210 2817 1366 2901 offioere,
1388 2827 1432 2890 ut

323 2933 522 3006 habeantur
538 2932 639 3006 bono
658 2943 698 3006 et
715 2957 818 3020 rorae,
835 2934 882 3006 de
900 2935 943 3006 iis
958 2959 1037 3028 quae
1053 2935 1276 3017 odduoimns,
1294 2934 1432 3028 opinio-

324 3071 400 3134 nes,
417 3049 503 3120 iioet
527 3049 574 3120 ed
598 3057 742 3142 tempus
768 3051 1027 3134 tantummodo,
1045 3061 1084 3123 et
1110 3059 1279 3142 tunquam
1307 3071 1432 3122 usura·

326 3167 396 3252 riae,
413 3167 528 3240 doneo
545 3189 601 3238 res
618 3168 694 3260 ipsu
710 3177 950 3260 pernosoutur.

800 3329 943 3406 oxvl.

374 3447 495 3520 Primo
519 3450 642 3542 itaque
664 3449 919 3543 postulandum
943 3445 1126 3530 videtur⁴⁷,
1148 3467 1194 3519 ne
1218 3447 1432 3519 existiment

323 3564 496 3648 homines,
521 3586 597 3647 nos,
622 3587 721 3636 more
749 3566 977 3657 antiquorum
1004 3561 1221 3646 Graecorum,
1248 3573 1313 3634 out
1342 3586 1432 3656 quo-

323 3680 476 3751 rundam
492 3701 666 3751 novorum
683 3681 879 3764 hominum,
893 3681 1034 3764 Telesii,
1050 3675 1204 3761 Putrioii,
1223 3675 1431 3763 Serennifl,

358 3894 855 3968 ⁴⁷i'uuepropurutoryrunurknru
897 3897 998 3954 Rerum
1024 3897 1102 3970 juxto
1130 3897 1238 3968 propria
1266 3895 1430 3968 Prinoipiu!⁸

322 3971 615 4045 okindoftwfloiir
633 3973 855 4040 tirasnoensi
897 3975 1431 4048 Hbsystunmthutottiremgou-

322 4051 855 4126 myprojudioesuudobjootiunru·
896 4055 1431 4125 indueramus-tortuosus

322 4128 669 4203 ganumans-wod.
897 4131 1431 4204 flmndoerdnuugfftingtoeue

357 4207 854 4268 ⁴⁸Berourdiuui'slesiormons·
895 4211 1035 4268 donu'uiou
1062 4210 1261 4268 muthnd
1290 4211 1430 4282 prboipb,

321 4286 774 4362 tiveoiGoosnmboruiussoo.
811 4287 855 4345 He
894 4289 1180 4360 sinposivumnttu.
1204 4287 1431 4344 Hisvisurm

322 4365 467 4438 published
491 4367 632 4423 atratino
656 4367 726 4424 “Do
750 4367 855 4424 Noton
895 4379 944 4424 not
967 4367 1059 4424 unlilro
1086 4367 1164 4424 those
1190 4367 1222 4424 oi
1246 4365 1430 4424 bank
