3268 5146
336 335 402 400 254
662 330 838 396 NOVUM
861 329 1108 396 ORGANUM.

337 504 458 578 tenue,
475 493 618 578 mobile,
634 495 710 567 sive
726 500 931 588 promptum
949 494 993 565 ud
1011 501 1162 564 motum.
1207 489 1262 564 At
1278 491 1438 586 plurime

337 612 567 682 inveniuntur
590 609 769 682 immede
792 607 938 681 divortii
962 611 1058 680 inter
1082 611 1185 704 ipsos
1241 607 1319 681 Aiir
1342 611 1438 680 enim

337 727 455 798 tennis
480 734 535 798 est
557 734 597 797 et
618 723 746 798 habilis
767 723 813 797 od
839 733 989 806 motum,
1006 747 1080 797 non
1105 724 1241 798 oelidus
1266 735 1331 798 sut
1353 724 1441 796 inei-

337 843 425 914 dus:
452 841 537 914 iuno
561 841 690 924 lucide,
714 841 848 935 absque
873 841 1012 913 eslere:
1037 865 1131 935 nque
1155 842 1305 925 fervens,
1327 841 1440 913 eeiidn

336 957 470 1051 absque
495 954 652 1026 lumine:
686 963 805 1027 motus
835 977 920 1027 eous
950 957 1071 1028 ferree
1099 979 1207 1051 super
1232 957 1438 1038 versorium,

336 1073 463 1166 pernix
492 1081 531 1143 et
563 1071 677 1166 egilis,
703 1079 888 1142 ettamen
915 1073 952 1142 in
979 1095 1125 1166 eorpore
1150 1073 1290 1167 frigido,
1317 1071 1439 1156 denso,

336 1209 468 1282 opneo:
495 1195 533 1258 et
551 1186 734 1280 eomplurn
749 1185 784 1258 id
801 1209 924 1282 genus.

389 1303 574 1386 Similiter,
594 1303 665 1373 sint
690 1309 826 1374 nuturae
852 1303 1027 1395 inquisite
1052 1313 1180 1376 nature
1208 1325 1378 1396 corporeo
1402 1311 1441 1374 et

336 1419 430 1490 ontio
450 1415 661 1490 netumiisffi.
713 1415 872 1490 Videtur
894 1419 990 1489 enim
1008 1441 1077 1490 non
1096 1419 1245 1490 inveniri
1263 1419 1357 1491 sotio
1380 1441 1443 1490 no·

338 1535 472 1620 turulis,
500 1537 567 1605 nisi
601 1535 795 1606 subsistens
829 1537 864 1605 in
898 1536 1019 1628 oiiquo
1052 1557 1209 1629 corpore.
1265 1535 1440 1606 Attamen

338 1651 449 1744 possit
474 1652 621 1722 fortasse
644 1673 721 1722 esse
743 1651 837 1722 nime
857 1652 947 1722 hene
973 1675 1048 1722 rem
1074 1651 1243 1722 instantio
1267 1649 1441 1722 nonnulle

338 1766 492 1840 divortii.
549 1767 603 1838 Eu
629 1775 684 1837 est
713 1767 806 1838 ectio
837 1769 1049 1862 magnetica,
1075 1791 1140 1860 per
1168 1791 1275 1860 quum
1307 1769 1442 1838 ferrum

338 1883 452 1954 fertur
476 1883 520 1954 ed
547 1890 761 1978 magnetem,
787 1883 907 1976 grevia
932 1883 978 1954 ad
1003 1882 1151 1978 globum
1178 1893 1291 1954 terrae.
1342 1883 1440 1955 Addi

338 2000 448 2070 etiam
477 1999 612 2092 possint
640 1998 718 2069 aiios
751 1996 931 2070 nonnuliae
964 2001 1187 2094 operationes
1219 2000 1265 2070 od
1296 1999 1440 2070 distans

338 2111 447 2185 Aetio
472 2111 647 2208 siqnidem
673 2113 877 2206 hujusmodi
900 2123 938 2185 et
963 2117 999 2185 in
1024 2124 1184 2210 tempore
1207 2113 1258 2198 fit,
1277 2138 1343 2208 per
1365 2137 1443 2186 mo·

337 2237 469 2311 mento,
487 2251 559 2299 non
576 2229 613 2298 in
632 2238 764 2322 puneto
788 2229 976 2324 temporis;
1003 2239 1041 2302 et
1063 2233 1100 2300 in
1118 2227 1208 2313 loeo,
1227 2253 1290 2323 per
1309 2231 1441 2325 gindus

337 2352 377 2413 et
400 2345 524 2436 spatia.
577 2341 643 2414 Est
660 2345 781 2437 itaque
800 2343 943 2439 aliquod
959 2355 1184 2416 momentum
1205 2345 1386 2439 temporis,
1404 2354 1442 2418 et

337 2457 480 2551 aliquod
497 2457 724 2530 intervalium
741 2459 822 2543 loni,
840 2461 877 2530 in
894 2459 1023 2554 quibus
1038 2463 1107 2531 iste
1124 2461 1235 2531 virtus
1255 2461 1330 2530 sive
1347 2459 1442 2530 ontio

337 2573 447 2644 haeret
476 2573 513 2643 in
543 2574 662 2644 medio
692 2573 787 2647 inter
817 2575 887 2645 duo
917 2575 979 2646 iiio
1007 2599 1162 2669 corporo,
1193 2599 1271 2669 qnae
1301 2585 1441 2647 motum

336 2689 444 2759 cient.
496 2687 694 2760 Redueitur
715 2690 838 2784 itaque
861 2691 1115 2785 contemplatio
1137 2692 1181 2763 sd
1204 2691 1292 2774 hoe3
1318 2701 1441 2762 utrum

337 2800 400 2873 iile
428 2825 585 2896 corpore,
612 2827 691 2896 quae
720 2815 805 2876 sunt
836 2807 977 2878 termini
1008 2816 1136 2891 motus,
1165 2807 1354 2900 disponent
1385 2805 1442 2879 vei

338 2919 492 2992 niterent
512 2943 658 3014 corpore
680 2921 809 3005 media,
828 2929 868 2992 ut
886 2943 949 3014 per
971 2923 1229 2994 suooessionem
1247 2931 1286 2994 et
1303 2931 1442 2994 tectum

373 3177 400 3218 ²⁸
416 3175 870 3248 'ibisinnemmpieoinogrett
910 3174 993 3230 erted.
1037 3175 1090 3230 We
1113 3192 1166 3240 are,
1184 3175 1213 3230 in
1236 3175 1299 3240 iant,
1317 3175 1444 3246 ignorent

336 3259 422 3312 velue.
459 3255 575 3312 Bneon’s
595 3273 644 3312 use
662 3255 693 3310 ot
710 3254 758 3310 the
775 3255 870 3310 Termr
910 3252 1000 3310 nithe
1013 3254 1068 3308 ml
1082 3253 1141 3308 iinir
1156 3253 1275 3310 between
1292 3271 1372 3308 esna
1389 3251 1444 3308 nd

341 3335 432 3390 Virtus
458 3334 513 3390 und
535 3335 613 3390 Aetio
639 3334 663 3389 is
686 3351 751 3406 very
773 3352 869 3406 rogus.
910 3330 988 3386 effect
1007 3331 1036 3386 in
1053 3331 1173 3404 phynieni
1193 3332 1354 3404 operatione.
1390 3331 1444 3386 Yoe

337 3411 707 3484 Tbepointonwbiehbe
730 3419 870 3468 monneto
911 3409 1443 3476 thisinstnncemithitniiluotrntions,

337 3491 526 3547 insististhut
541 3491 616 3546 there
634 3490 756 3546 murtbe
774 3507 809 3546 sn
824 3509 870 3546 ex·
911 3488 1237 3544 sbmthntliseonbsd
1252 3487 1445 3560 gotnpontbe

338 3571 424 3625 ertion
442 3569 473 3624 oi
488 3567 560 3624 iores
576 3568 664 3625 which
679 3569 703 3624 is
721 3567 825 3624 neither
842 3569 871 3623 in
911 3567 987 3623 σιὰ
1009 3566 1041 3622 oi
1056 3567 1102 3623 the
1125 3566 1239 3622 difficolt
1256 3567 1395 3640 questions
1415 3566 1448 3622 d

337 3645 384 3701 the
404 3647 469 3701 iren
493 3663 544 3702 nor
562 3647 591 3702 in
611 3646 658 3702 the
679 3646 801 3718 Magnes,
821 3646 871 3702 bnt
911 3644 958 3701 the
986 3646 1174 3702 manumission
1206 3646 1238 3701 oi
1269 3645 1443 3717 quetin.

337 3724 551 3790 betweenbotb3
571 3725 625 3781 end
640 3725 774 3790 thnttbis,
790 3725 872 3797 being
913 3724 992 3790 Eut,
1018 3723 1110 3796 light,
1133 3725 1183 3780 die.
1213 3724 1283 3780 bom
1311 3723 1386 3796 body
1415 3731 1446 3778 tn

338 3803 456 3875 semibly
476 3803 679 3874 inappreeioble,
701 3803 725 3860 is
748 3803 870 3874 ineorpo·
911 3803 993 3875 body,
1000 3803 1092 3858 whose
1102 3803 1271 3874 phenomens
1281 3819 1326 3858 ure
1337 3811 1383 3875 yet
1393 3801 1445 3857 bnt

337 3883 400 3936 reni.
419 3881 485 3936 'ibis
499 3883 654 3936 ooneinsion
665 3882 689 3936 is
701 3899 736 3936 on
747 3899 871 3954 mrump·
912 3879 1445 3954 imperiectiyperhnpsnotetelinndrr-

337 3959 404 4025 tion,
429 3959 483 4015 tud
512 3959 628 4030 periisps
656 3969 706 4016 not
728 3978 745 4014 ι
770 3969 871 4017 uomet
912 3959 999 4016 stood.
1035 3959 1446 4032 nepotianum-mnu

338 4055 399 4094 one.
417 4039 452 4094 ln
463 4037 498 4092 nii
510 4037 670 4109 probability
678 4038 724 4093 the
735 4040 871 4096 uttrsou’re
912 4040 947 4094 nii
962 4039 1114 4110 operotions
1131 4039 1160 4094 iu
1172 4038 1276 4094 Nature
1290 4039 1325 4094 be
1342 4039 1447 4096 urrisu

337 4118 410 4174 ioroe
425 4116 456 4172 oi
468 4115 573 4187 gravity
585 4114 683 4184 (which
695 4117 871 4188 conusponds
911 4135 948 4173 on
966 4117 1003 4190 by
1020 4118 1108 4173 oetion
1128 4119 1157 4173 in
1177 4119 1313 4190 corporesl
1331 4117 1445 4184 bodieu

337 4205 366 4252 to
390 4197 422 4266 it)
446 4195 470 4250 is
493 4193 613 4265 phyricsl
639 4194 692 4249 end
717 4197 870 4266 eorporenh
911 4213 1000 4252 orere
1017 4205 1152 4252 notsome
1169 4195 1446 4270 thingsffikels'gbt)

337 4273 444 4346 though
457 4291 497 4328 ire
514 4290 577 4344 may
592 4272 685 4328 nothe
702 4272 761 4328 ubis
778 4283 807 4330 to
825 4293 870 4330 ex·
911 4275 1078 4332 transmitted
1096 4275 1214 4348 through
1230 4293 1264 4330 ιιι
1278 4275 1446 4348 incorporal

338 4353 410 4422 pitin
425 4351 528 4422 exsctIy
540 4349 611 4406 ubst
629 4351 687 4406 itis
705 4368 737 4405 or
751 4351 813 4406 bow
824 4371 870 4409 ex·
911 4353 1048 4410 medium?
