3222 5148
298 334 362 400 164
630 335 807 402 NOVUM
836 334 1085 402 ORGANUM.

630 513 695 585 Ad
709 513 877 587 ᾰοοίοιοιη
895 522 1066 610 petam.

348 642 408 708 20.
434 635 532 708 Huic
548 659 620 708 non
637 639 864 734 subjungitur
881 634 1048 736 nepetino.
1100 635 1203 707 Nihil
1221 635 1319 706 enim
1345 655 1404 704 re-

299 753 436 844 peritur
455 753 550 845 apud
573 775 638 824 nos
662 755 737 824 eive
761 753 945 848 tangibile,
961 754 1035 824 eive
1060 745 1287 845 spirituale⁶⁷‚
1304 749 1401 843 qnod

298 867 483 938 admotum
511 868 586 962 igni
615 891 688 940 non
717 869 875 962 excipiet
905 869 1070 940 calorem.
1133 867 1177 937 In
1204 889 1248 938 eo
1277 873 1401 936 tamen

300 981 480 1066 differunt,
508 985 602 1075 qnod
632 983 703 1055 alia
728 984 910 1079 excipiant
937 982 1090 1056 calorem
1118 985 1234 1066 citius,
1262 988 1304 1052 nt
1330 983 1402 1064 abr,

301 1098 433 1183 oleum,
450 1107 489 1170 et
513 1123 626 1192 aqna3
651 1100 721 1172 alia
737 1101 881 1184 tardius,
899 1108 941 1171 nt
957 1099 1046 1194 lapis
1061 1110 1102 1173 et
1117 1099 1274 1172 metalla
1325 1094 1404 1169 Ve-

301 1239 381 1287 rum
397 1217 464 1288 boc
481 1219 636 1310 pertinet
653 1219 698 1288 ad
720 1215 887 1289 Tabulam
900 1215 1086 1314 prodeam.

634 1383 698 1455 Ad
713 1381 879 1456 decimam
897 1382 1064 1480 quintam.

353 1520 412 1586 al.
447 1513 546 1586 Huic
574 1517 752 1588 instantiae
781 1539 853 1589 non
883 1516 1110 1610 subjungitur
1137 1509 1294 1612 weydden
1319 1511 1401 1594 alia,

302 1654 408 1723 quam
425 1640 467 1701 ut
482 1631 576 1702 bene
599 1641 753 1715 notetur,
771 1656 843 1704 non
864 1633 1014 1704 excitari
1039 1631 1210 1704 scintillas
1235 1653 1281 1702 ex
1303 1626 1403 1700 silice

300 1755 340 1816 et
357 1745 515 1840 chalybe,
533 1755 597 1817 aut
618 1746 689 1818 alia
710 1747 830 1841 aliqua
844 1749 1044 1820 substantia
1060 1749 1160 1831 dura,
1176 1747 1244 1818 niei
1261 1744 1322 1816 nbi
1340 1767 1405 1816 ex·

302 1863 488 1934 cntiuntur
503 1863 663 1934 minutia
680 1863 806 1958 alique.
823 1887 869 1934 ex
886 1865 963 1958 ipsa
982 1865 1180 1935 substantia
1201 1862 1329 1956 lapidis
1344 1860 1404 1932 rei

301 1977 452 2049 metalli:
471 2000 588 2071 neque
604 1980 722 2052 aecem
740 1981 906 2051 attritum
924 2003 1078 2073 unquam
1097 2003 1162 2072 per
1177 2001 1216 2050 ae
1232 1999 1403 2074 generare

302 2092 483 2176 scintillas,
501 2103 544 2164 ut
560 2093 668 2190 vulgo
685 2091 869 2187 putantffl:
895 2097 981 2188 qnin
1000 2095 1138 2189 etipsa
1155 2092 1224 2165 ilice
1241 2092 1403 2164 scintillae

302 2232 349 2280 ex
362 2210 517 2302 pondere
534 2211 687 2303 corporis
702 2211 806 2306 igniti
824 2212 937 2304 magia
950 2219 1103 2304 vergunt
1115 2210 1280 2282 deorsum
1295 2231 1404 2302 quam

302 2347 450 2408 autenm,
469 2333 507 2395 et
532 2327 570 2396 in
595 2327 817 2398 extinctione
842 2327 994 2397 redeunt
1019 2328 1056 2397 in
1081 2327 1259 2420 quandam
1286 2323 1408 2420 fuligi-

302 2463 385 2510 nem
404 2461 621 2532 corpoream.

654 2572 718 2645 Ad
732 2573 898 2646 ιίοοίηιοηι
915 2585 1057 2647 sartam.

355 2701 415 2766 22.
442 2695 698 2770 Existimamne
723 2699 808 2770 hnic
832 2701 1009 2770 instantia
1031 2721 1104 2770 non
1120 2699 1286 2792 subjungi
1303 2719 1407 2794 nepa·

304 2811 419 2884 tieem.
471 2811 625 2883 Nullum
649 2814 745 2884 enim
772 2814 952 2885 invenitur
977 2814 1071 2907 apud
1099 2837 1163 2884 nos
1185 2833 1312 2906 corpus
1329 2823 1408 2882 tan·

302 2927 422 3021 gibile,
452 2928 548 3021 qnod
578 2950 651 2998 non
681 2951 727 3000 ex
758 2930 943 3000 attritione
976 2929 1165 3000 manifesto
1194 2923 1406 3010 onerat&

303 3045 392 3116 adeo
409 3053 451 3115 nt
463 3052 602 3116 veteres
619 3044 846 3124 somniarent,
860 3065 931 3114 non
948 3044 1063 3114 inesse
1080 3043 1284 3115 ooeleatibna
1299 3040 1404 3112 aliam

304 3160 376 3230 vim
404 3167 467 3229 aut
490 3160 660 3229 virtutem
683 3157 924 3242 calefaciendi,
941 3161 1009 3230 nisi
1037 3182 1084 3230 ex
1110 3161 1294 3231 attritione
1318 3157 1408 3229 aeria

304 3295 367 3366 per
388 3276 603 3346 rotationem
626 3273 784 3367 rapidam
808 3283 846 3346 et
869 3274 1065 3346 incitatam.
1117 3274 1256 3347 Verum
1280 3275 1319 3345 in
1338 3274 1406 3345 boc

339 3484 365 3525 ⁸⁷
376 3487 421 3540 An
433 3483 479 3538 old
493 3483 640 3538 Sobohrtic
652 3482 774 3539 division.
793 3481 837 3555 By
876 3500 908 3539 ιο
919 3501 991 3538 reem
1002 3484 1092 3540 colder
1102 3493 1131 3539 to
1142 3484 1188 3539 the
1200 3484 1292 3540 toneb.

305 3563 489 3634 “epitimia''
509 3561 601 3616 Bnoon
624 3561 753 3634 probably
773 3561 836 3615 bere
911 3561 938 3600 Β
957 3562 1006 3617 Αἰι
1028 3562 1113 3618 under
1138 3562 1321 3634 eompreeeion
1344 3561 1408 3616 doe·

304 3657 397 3696 meane
415 3639 484 3694 euch
500 3638 593 3709 things
610 3657 640 3693 aa
653 3639 746 3694 Gaeee.
784 3637 836 3694 Hie
876 3639 940 3694 emit
964 3643 1058 3712 aperie
1079 3640 1111 3696 oi
1128 3641 1262 3696 rnfficient
1281 3641 1410 3712 intendty

306 3719 371 3774 view
382 3717 413 3772 oi
428 3716 473 3771 the
491 3717 598 3770 relative
615 3716 694 3786 epeed
706 3717 737 3772 oi
746 3716 835 3771 differ·
876 3727 905 3773 to
916 3719 999 3788 ignite
1012 3719 1129 3774 German
1140 3719 1238 3774 tinder.

306 3805 352 3852 ent
370 3795 526 3850 mbetancee
544 3793 574 3848 in
591 3795 730 3866 acquiring
740 3795 836 3850 beatio
911 3793 938 3835 θ
959 3795 1075 3851 Friction
1098 3797 1121 3851 ie
1144 3813 1197 3852 one
1220 3797 1252 3851 oi
1269 3795 1316 3851 the
1338 3803 1410 3850 meet

306 3875 458 3943 aberrong.
494 3871 838 3942 Air(aeitiaeobade
877 3873 1023 3943 important
1058 3891 1165 3929 warren
1192 3875 1224 3930 oi
1252 3873 1344 3939 Ηιιις
1379 3891 1410 3928 ιι

306 3950 465 4019 conductor)
477 3951 500 4004 ia
511 3967 576 4022 very
587 3951 668 4005 aiore:
684 3951 781 4006 Metaie
793 3969 838 4006 are
879 3951 971 4007 Connt
983 3953 1139 4008 Rumiord’e
1153 3953 1332 4024 experimnte
1343 3953 1411 4008 here

307 4029 478 4101 particularly
495 4027 590 4099 rapid;
608 4028 659 4084 but
679 4027 793 4084 bacam
810 4029 841 4084 oi
878 4030 978 4100 proved
989 4031 1048 4085 tbat
1065 4048 1100 4086 an
1118 4031 1257 4088 unlirnited
1274 4031 1414 4104 euppIyoi

306 4107 353 4162 the
365 4106 762 4180 iugreatanumberoftbeir
777 4124 837 4178 par·
881 4108 951 4162 Heat
964 4126 1015 4164 ean
1032 4109 1065 4164 be
1080 4109 1205 4166 obtained
1217 4111 1254 4183 by
1264 4109 1411 4166 itvitbont

307 4187 390 4250 ticlee.
403 4186 466 4258 they
476 4185 512 4240 do
523 4192 572 4240 not
583 4185 657 4240 ebear
667 4187 688 4240 it
700 4203 731 4240 eo
743 4185 837 4257 quicir·
878 4185 1054 4260 diminiabing
1065 4188 1111 4243 the
1122 4191 1245 4263 quantity
1256 4189 1288 4245 oi
1295 4189 1342 4244 the
1352 4207 1410 4244 me·

306 4266 335 4337 ly
341 4287 351 4331 3
369 4264 423 4320 and
441 4265 483 4319 ior
500 4263 547 4320 the
567 4280 640 4318 ιιιιιιι
660 4281 754 4318 ιοοιοιι
775 4263 838 4335 they
878 4264 975 4319 tmiala.

307 4341 432 4414 oarryoff
440 4341 511 4398 lieet
522 4341 564 4398 iar
574 4357 649 4396 more
658 4339 771 4413 repidly,
782 4341 836 4399 and
