3156 5176
614 340 704 408 urs.
728 341 775 406 11.
791 342 844 425 48.
1208 343 1270 406 ou

170 502 275 594 unm)
293 527 339 576 en
355 512 475 578 motus
492 507 660 584 videlicet
676 510 746 582 istc
763 511 943 598 (concesso
964 507 1058 600 quod
1076 514 1171 580 tcrru
1187 506 1273 596 stet)

170 619 251 692 coeli
275 621 407 694 finibus
432 624 732 709 consumtum
754 624 873 718 potius
898 623 1101 708 descendat,
1118 632 1157 698 et
1179 645 1276 696 com·

170 736 373 811 municetur
394 738 477 824 nitri,
495 747 533 809 et
548 740 661 832 equis.
713 738 859 814 Motum
882 747 1004 814 tutem
1030 739 1215 813 rotationrb
1236 738 1275 809 in

170 853 373 937 missilibus,
391 862 434 926 ut
455 855 495 928 iu
516 855 672 948 spiculis,
693 856 843 952 sagittis,
864 855 947 949 pilis
971 856 1220 950 sclopetorum‚
1237 861 1276 926 et

118 964 119 968 ’
171 967 355 1054 similibus,
373 970 518 1043 omniuo
535 971 579 1042 nd
598 979 738 1043 motum
756 968 923 1043 Mortalis
939 972 1129 1065 rejicimus

223 1086 314 1179 (18.)
338 1085 395 1158 Sit
411 1094 530 1159 motus
547 1087 708 1160 decimus
725 1096 880 1172 commis,
897 1095 1008 1160 motus
1025 1086 1275 1183 trepidationis,

172 1200 231 1274 cui
259 1201 317 1291 (ut
343 1200 388 1273 ub
418 1203 628 1275 ntmnomis
653 1202 883 1298 intelligitur)
909 1225 982 1275 non
1009 1203 1166 1275 multum
1190 1203 1276 1276 fidei

172 1312 427 1390 adhibemust’.
480 1313 597 1390 Nobis
619 1325 751 1404 eutem,
769 1341 956 1413 corporum
978 1319 1194 1392 naturalium
1215 1341 1277 1410 np-

172 1433 307 1526 petitus
329 1432 463 1525 ubique
486 1433 578 1508 serio
602 1435 917 1527 perscrutantibus,
936 1436 1089 1506 occurrit
1111 1435 1180 1506 iste
1201 1456 1277 1504 mo-

173 1555 255 1632 tus;
280 1555 320 1619 ct
332 1548 501 1620 constitui
520 1548 649 1622 debere
667 1550 809 1620 videtur
825 1550 862 1620 in
879 1551 1045 1643 speciem.
1072 1547 1137 1622 Est
1154 1556 1276 1622 cutem

173 1663 232 1735 hic
249 1673 368 1736 motus
385 1663 497 1736 veluti
519 1672 660 1736 aeternae
682 1664 868 1757 cujusdem
886 1664 1113 1759 captivitatis.
1165 1663 1278 1738 Vide-

173 1777 259 1853 licet
289 1780 352 1856 ubi
386 1801 533 1874 corpore
565 1803 639 1852 nou
666 1781 811 1854 omuino
842 1803 907 1874 pro
937 1789 1065 1854 nature
1092 1802 1157 1852 sun
1185 1779 1277 1852 bene

173 1894 301 1981 locutu
319 1902 358 1968 et
380 1904 500 1968 tumen
523 1919 596 1968 nou
616 1919 757 1989 prorsus
779 1896 874 1969 mnle'
896 1918 935 1970 se
957 1896 1135 1980 babentia,
1152 1919 1278 1990 perpe-

174 2022 238 2086 tuo
268 2014 457 2108 trepident,
485 2021 525 2088 et
553 2015 744 2107 irrequieto
773 2037 812 2088 sc
841 2024 963 2108 egunt,
991 2035 1060 2084 nec
1086 2020 1183 2084 stetu
1213 2035 1277 2084 suc

172 2139 353 2212 contentu,
369 2152 437 2202 uec
463 2130 613 2202 ulterius
638 2153 723 2204 ause
747 2131 924 2224 progredi.
976 2128 1071 2201 Telis
1096 2130 1279 2201 invenitur

173 2257 293 2322 motus
315 2248 355 2318 iu
372 2247 478 2320 corde
499 2255 537 2324 ct
559 2235 720 2341 pulsibus
741 2244 971 2329 animalium
997 2253 1037 2319 et
1056 2237 1200 2318 uecesse
1222 2253 1278 2318 est

174 2373 217 2439 ut
245 2365 293 2439 sit
322 2363 360 2434 iu
391 2363 557 2443 omuibus
585 2363 799 2456 corporibus,
825 2385 904 2455 quae
929 2368 1025 2434 statu
1051 2363 1197 2456 ancipiti
1226 2363 1278 2433 ite

175 2481 312 2576 degunt
327 2481 422 2554 iuter
440 2481 627 2552 commoda
642 2490 682 2554 ct
698 2479 933 2563 incommoda,
946 2486 988 2551 ut
1006 2479 1174 2550 distracta
1189 2479 1278 2553 libe-

175 2589 253 2670 rure
269 2619 309 2669 se
324 2605 478 2682 tentent,
496 2604 536 2669 et
553 2596 672 2680 denuc
695 2595 874 2689 repulsam
891 2597 1082 2689 potientur,
1099 2605 1138 2666 et
1155 2603 1277 2670 temen

174 2721 349 2805 perpetuo
366 2713 607 2807 experiantur.

226 2826 319 2921 (19.)
346 2825 404 2900 Sit
425 2835 544 2898 motus
562 2826 722 2902 decimus
744 2849 859 2900 nonus
880 2833 918 2898 et
934 2835 1143 2920 postremus,
1160 2835 1279 2898 motus

175 2940 237 3015 illc
254 2943 312 3014 cui
333 2943 395 3016 vix
417 2963 549 3016 nomeu
566 2950 685 3014 motus
709 2942 892 3036 competit,
910 2950 1084 3016 ettamen
1101 2950 1157 3014 est
1174 2940 1280 3035 piune

174 3067 305 3131 motus.
366 3057 485 3144 Quem
514 3066 664 3142 motum,
695 3066 822 3130 motum
848 3056 1032 3141 ἀειιώὶιιιι,
1056 3058 1131 3129 sive
1152 3065 1279 3142 motum

174 3171 407 3250 abcondo
429 3183 549 3258 motus,
576 3197 703 3251 vocure
731 3172 873 3247 licet¹⁰⁰.
925 3174 997 3244 Per
1020 3173 1116 3246 bunc
1140 3183 1280 3244 motum

175 3300 272 3364 terrn
300 3300 372 3365 stet
401 3293 498 3364 mole
522 3315 597 3375 sun,
625 3292 852 3368 moventibus
880 3313 918 3362 se
944 3289 1116 3364 extremis
1142 3291 1214 3362 suis
1242 3291 1282 3360 iu

175 3407 359 3490 medium
384 3429 457 3480 non
480 3408 524 3477 ed
547 3415 711 3480 centrum
733 3407 1015 3502 imaginativum
1033 3405 1095 3476 scd
1118 3405 1164 3478 nd
1181 3405 1282 3476 uuio-

176 3521 416 3598 nem¹.-Per
440 3525 536 3596 bunc
562 3524 672 3596 etiem
692 3525 892 3617 appetitum
908 3523 1030 3594 omnia
1050 3521 1221 3616 majorem
1242 3523 1282 3592 in

176 3641 324 3715 modum
347 3642 563 3714 condensata
583 3650 723 3712 motum
747 3640 963 3722 exhorreut;
992 3645 1103 3732 utque
1125 3638 1195 3712 illis
1217 3661 1282 3732 pro

176 3758 275 3830 curui
298 3759 460 3853 appetitu
478 3767 534 3830 est
556 3781 628 3830 non
644 3757 801 3845 moveri3
827 3765 866 3829 et
889 3757 974 3830 licet
997 3755 1144 3828 infinitis
1168 3756 1283 3828 modis

176 3873 389 3948 vellicentur
412 3881 451 3948 et
473 3881 712 3969 provocentur
735 3873 781 3946 nd
804 3881 955 3958 motum,
974 3882 1096 3946 temen
1118 3881 1283 3946 naturam

212 4072 239 4113 ⁹⁹
254 4073 296 4128 Tc
314 4071 370 4128 this
388 4072 457 4128 cluss
472 4072 563 4128 Buccn
578 4071 642 4128 dces
660 4080 709 4127 not
749 4071 842 4128 titium
862 4071 893 4126 oi
908 4071 954 4130 tbe
970 4067 1044 4125 word
1060 4075 1152 4133 motus,
1165 4068 1188 4124 is
1204 4085 1221 4122 u
1236 4065 1285 4120 sair

176 4153 238 4224 gire
255 4152 339 4207 much
356 4151 449 4208 credit.
484 4151 510 4208 lt
528 4151 708 4216 cccmuhcw·
750 4151 884 4222 specimen
895 4151 927 4206 ot
937 4149 1055 4205 Bncon’r
1071 4147 1245 4202 carelcrncss
1256 4145 1285 4197 in

175 4247 246 4294 ever,
259 4229 318 4290 thet
328 4229 465 4304 pulrnticu
475 4247 538 4303 mup
549 4230 584 4286 bc
595 4227 710 4286 referred
751 4231 827 4303 style.
865 4230 929 4286 llis
945 4237 1081 4298 neuungc
1098 4224 1163 4280 kind
1182 4224 1213 4280 ol
1223 4223 1285 4278 Mc·

177 4318 206 4364 tc
217 4309 239 4364 it
251 4326 280 4364 ιι
292 4327 308 4364 ι
320 4307 428 4364 mutnet
439 4308 506 4364 kind
518 4309 549 4366 oi
559 4308 674 4366 Moticn.
751 4309 818 4374 uon,
830 4308 920 4380 being,
932 4309 961 4361 in
973 4307 1036 4369 lect,
1048 4303 1154 4360 inertia.

216 4386 252 4428 ¹⁰⁰
268 4387 335 4444 ‘l'bis
352 4405 472 4461 perunge,
485 4387 556 4444 irum
572 4387 618 4446 the
635 4405 710 4460 repc-
790 4385 798 4426 ¹
819 4385 862 4443 Oi.
875 4403 965 4457 supra,
979 4383 1072 4454 ligs.
