3156 5176
594 351 684 417 LIB.
706 351 750 416 11.
772 369 825 438 50.
1194 357 1257 421 331

158 516 392 589 multifariam
417 515 607 599 differunt;
632 525 671 588 et
696 515 861 589 similiter
885 516 1099 613 vegetabilis
1123 527 1162 590 et
1186 520 1263 591 ani-

158 633 268 705 malia
295 634 434 705 diversa
461 632 719 704 schematismis
750 635 848 727 qnasi
882 633 1030 705 infinitis
1059 636 1263 723 variantnr3

159 750 223 822 sed
248 751 344 822 intra
372 750 512 842 copiam
540 744 709 834 materiae,
729 750 803 820 sive
828 750 1041 822 densitatem
1069 773 1262 844 paucorum

159 864 346 960 graduum,
363 865 600 936 continentur.

212 979 280 1074 (β.)
302 979 475 1073 Sequitur
491 1001 682 1052 consensus
698 981 855 1054 maxime
872 989 953 1074 post
969 981 1122 1074 priorem
1140 981 1264 1054 catho-

161 1096 262 1183 licus,
280 1095 449 1168 videlicet
465 1118 652 1189 corporum
671 1096 918 1191 principalium
936 1105 975 1169 et
991 1097 1158 1170 fomitum
1183 1121 1264 1170 suo-

161 1235 263 1297 rum3
288 1211 458 1284 videlicet
475 1220 748 1298 menstruorum,
766 1221 806 1285 et
821 1212 1081 1284 alimentorum.
1132 1214 1262 1308 ltaque

162 1329 432 1424 exquirendum,
450 1327 517 1399 sub
534 1328 663 1421 quibus
684 1328 896 1412 climatibus,
915 1338 954 1402 et
969 1330 1009 1400 in
1025 1353 1097 1424 qua
1119 1331 1262 1414 tellure,

162 1455 201 1518 ct
216 1445 262 1518 ad
279 1466 386 1538 quam
403 1443 684 1538 profunditatem
700 1444 847 1518 metalla
869 1444 1009 1539 singula
1024 1455 1262 1541 generantum

163 1568 202 1634 et
226 1559 390 1632 similiter
405 1560 451 1631 de
466 1561 628 1654 gemmis,
645 1561 720 1632 sive
736 1584 783 1633 ex
801 1561 957 1656 rupibus,
974 1563 1051 1633 sive
1076 1562 1171 1634 inter
1195 1563 1264 1632 mi-

163 1698 265 1748 ueras
291 1677 405 1749 natis:
438 1676 477 1746 in
504 1698 575 1769 qun
600 1674 706 1770 gleba
732 1685 845 1761 terrae,
871 1677 1013 1749 arbores
1041 1677 1198 1772 singule,
1226 1686 1266 1748 et

163 1793 320 1875 frutices,
339 1802 377 1865 et
401 1791 520 1864 herbae
545 1791 768 1885 potissimum
793 1793 1016 1886 proveniant,
1033 1802 1072 1864 et
1092 1799 1264 1884 tanquam

162 1909 368 2003 gaudeant:
401 1915 441 1980 et
468 1907 610 1980 insimul
644 1931 722 2000 qure
751 1909 1061 2003 impinguationes
1094 1909 1168 1980 sive
1202 1931 1266 2002 per

164 2024 435 2096 stercorationes
464 2023 707 2116 cujuscunque
736 2024 888 2118 generis,
918 2025 992 2095 sive
1025 2029 1265 2118 peroratam,

164 2161 307 2210 arenam
335 2139 452 2220 maris,
478 2139 624 2224 cineres,
652 2138 719 2210 &c
749 2140 908 2212 maxime
932 2139 1082 2233 juveut3
1117 2147 1156 2212 et
1187 2162 1266 2233 quac

164 2253 236 2326 sint
251 2277 299 2325 ex
315 2253 370 2325 his
387 2277 450 2347 pro
467 2255 639 2327 varietate
655 2254 840 2348 glebarum
865 2257 978 2350 magis
1000 2265 1091 2349 aptae
1108 2264 1147 2327 et
1164 2258 1267 2326 anxi-

164 2367 278 2440 lieres.
329 2367 450 2440 Etiam
468 2369 588 2440 insitio
605 2378 645 2441 et
660 2371 854 2442 inoculatio
879 2370 1044 2442 arborum
1062 2378 1101 2440 et
1125 2370 1266 2464 planta·

164 2505 256 2566 rum,
279 2505 472 2577 earumque
497 2485 608 2569 ratio;
634 2507 712 2578 quoe
736 2485 872 2558 scilicet
896 2484 1025 2578 plantae
1051 2505 1156 2577 super
1178 2506 1265 2577 ques

166 2599 305 2672 felicius
330 2601 542 2684 inserantur,
567 2598 634 2672 &c
662 2601 819 2672 multum
845 2602 980 2694 pendet
1007 2601 1052 2672 de
1079 2622 1264 2672 consensu.

166 2715 211 2787 In
241 2738 314 2809 qua
342 2726 445 2809 parte
477 2739 551 2788 non
583 2716 817 2809 injucundum
847 2717 939 2788 foret
968 2716 1266 2810 experimentum,

165 2831 261 2924 qnod
278 2831 419 2902 noviter
434 2831 634 2904 audivimus
651 2854 727 2904 esse
747 2840 939 2913 tentatum,
956 2831 1003 2903 de
1022 2831 1190 2902 insitione
1215 2853 1269 2902 ar-

165 2947 293 3018 borum
310 2946 544 3041 sylvestrium,
563 2950 654 3042 (quae
670 2947 854 3038 hucusque
870 2949 908 3018 in
926 2945 1108 3017 arboribus
1125 2945 1268 3018 borten-

165 3062 263 3136 sibue
279 3062 355 3133 fieri
372 3064 573 3158 consuevit)
588 3063 685 3134 unde
702 3062 787 3135 folia
804 3073 842 3134 et
858 3061 1006 3156 glandes
1033 3061 1203 3154 majorem
1229 3062 1268 3131 in

165 3179 313 3250 modum
336 3176 608 3272 amplificantur,
626 3188 664 3250 ct
687 3179 828 3250 arbores
844 3179 937 3249 fiunt
952 3177 1066 3272 magis
1084 3175 1269 3248 umbrosae.

167 3293 342 3366 Similiter
357 3293 531 3366 alimenta
549 3294 756 3366 animalium
781 3295 979 3389 respective
1004 3293 1161 3364 notanda
1185 3301 1271 3365 sunt

166 3410 205 3482 in
220 3433 352 3504 genere
369 3418 505 3481 etcum
520 3411 707 3505 negativis.
733 3411 864 3504 Neque
881 3410 978 3484 enim
996 3409 1179 3481 carnivora
1194 3430 1269 3480 sus·

167 3526 289 3596 tinent
305 3515 424 3598 herbis
447 3526 595 3610 nutriri;
621 3528 718 3600 unde
735 3527 845 3598 etiam
862 3525 949 3596 ordo
969 3519 1272 3596 Folietuuorum³⁰

168 3639 269 3735 (licet
292 3638 456 3712 voluntas
480 3641 636 3712 humana
661 3642 742 3735 plus
765 3641 878 3734 possit
902 3662 1010 3733 quam
1035 3637 1272 3710 animantium

166 3765 375 3828 caeterorum
400 3779 506 3850 super
522 3779 650 3850 corpus
675 3761 796 3852 auum)
821 3765 902 3849 post
924 3755 1182 3849 experientiam
1199 3753 1273 3825 fac·

166 3879 252 3958 tem,
271 3872 328 3962 (ut
344 3872 461 3965 aiunt)
478 3881 648 3966 tanquam
666 3873 711 3944 nb
727 3872 885 3944 humana
903 3880 1033 3942 natura
1053 3891 1126 3941 non
1143 3869 1273 3942 tolera-

165 3987 259 4073 bilis,
276 3988 352 4060 fe're
369 3989 525 4060 evanuit.
563 3986 685 4060 Etiam
702 3989 862 4060 materiae
879 3988 1026 4060 diversae
1043 3984 1273 4079 putrefactio-

165 4126 265 4189 num‚
281 4106 376 4178 unde
392 4105 607 4178 animalcula
622 4115 853 4201 generantur,
871 4107 1036 4178 notandae
1053 4113 1147 4177 sunt.

211 4297 237 4338 θ)
255 4299 394 4365 rovorari,
414 4299 459 4356 the
478 4299 652 4370 Vegctarians
670 4301 702 4358 ci
739 4299 984 4373 thePpthsgorean
997 4297 1126 4353 doctrine.
1153 4295 1209 4369 (Oi.
1222 4297 1274 4353 Ju-

166 4377 213 4433 thc
224 4377 325 4434 middle
343 4397 414 4452 agee.
450 4378 527 4452 They
538 4379 640 4434 carried
651 4389 700 4438 out
740 4380 828 4437 venai.
842 4379 898 4436 Sat.
912 4379 948 4434 iii.
962 4378 1036 4445 214.)
