<?xml version="1.0" encoding="UTF-8"?>
<!DOCTYPE html PUBLIC "-//W3C//DTD XHTML 1.0 Transitional//EN"
    "http://www.w3.org/TR/xhtml1/DTD/xhtml1-transitional.dtd">
<html xmlns="http://www.w3.org/1999/xhtml" xml:lang="en" lang="en">
 <head>
  <title>
</title>
<meta http-equiv="Content-Type" content="text/html;charset=utf-8" />
  <meta name='ocr-system' content='tesseract 3.04.00' />
  <meta name='ocr-capabilities' content='ocr_page ocr_carea ocr_par ocr_line ocrx_word'/>
</head>
<body>
  <div class='ocr_page' id='page_1' title='image "./franciscibaconi01kitcgoog_0337.png"; bbox 0 0 3156 5176; ppageno 0'>
   <div class='ocr_carea' id='block_1_1' title="bbox 337 375 1109 443">
    <p class='ocr_par' dir='ltr' id='par_1_1' title="bbox 337 375 1109 443">
     <span class='ocr_line' id='line_1_1' title="bbox 337 375 1109 443; baseline -0.001 -1"><span class='ocrx_word' id='word_1_1' title='bbox 337 379 403 442; x_wconf 75' lang='lat'>308</span> <span class='ocrx_word' id='word_1_2' title='bbox 662 375 836 443; x_wconf 88' lang='lat' dir='ltr'><strong>NOVUM</strong></span> <span class='ocrx_word' id='word_1_3' title='bbox 859 375 1109 442; x_wconf 79' lang='lat' dir='ltr'><strong>ORGANUM.</strong></span> 
     </span>
    </p>
   </div>
   <div class='ocr_carea' id='block_1_2' title="bbox 337 539 1462 4042">
    <p class='ocr_par' dir='ltr' id='par_1_2' title="bbox 337 539 1454 2842">
     <span class='ocr_line' id='line_1_2' title="bbox 337 539 1448 635; baseline 0.001 -23"><span class='ocrx_word' id='word_1_4' title='bbox 337 541 406 612; x_wconf 81' lang='lat' dir='ltr'>otio</span> <span class='ocrx_word' id='word_1_5' title='bbox 425 549 594 633; x_wconf 81' lang='lat' dir='ltr'>tunquam</span> <span class='ocrx_word' id='word_1_6' title='bbox 611 542 771 635; x_wconf 85' lang='lat' dir='ltr'>quaedem</span> <span class='ocrx_word' id='word_1_7' title='bbox 788 544 954 626; x_wconf 60' lang='lat' dir='ltr'>ecstasim</span> <span class='ocrx_word' id='word_1_8' title='bbox 980 565 1064 614; x_wconf 91' lang='lat' dir='ltr'>cum</span> <span class='ocrx_word' id='word_1_9' title='bbox 1084 542 1155 612; x_wconf 76' lang='lat' dir='ltr'>inte</span> <span class='ocrx_word' id='word_1_10' title='bbox 1179 540 1303 634; x_wconf 80' lang='lat' dir='ltr'>potine</span> <span class='ocrx_word' id='word_1_11' title='bbox 1320 539 1367 612; x_wconf 81' lang='lat' dir='ltr'>eb</span> <span class='ocrx_word' id='word_1_12' title='bbox 1384 563 1448 613; x_wconf 87' lang='lat' dir='ltr'>ex-</span> 
     </span>
     <span class='ocr_line' id='line_1_3' title="bbox 337 655 1444 752; baseline 0.002 -25"><span class='ocrx_word' id='word_1_13' title='bbox 337 658 523 750; x_wconf 82' lang='lat' dir='ltr'>perientia,</span> <span class='ocrx_word' id='word_1_14' title='bbox 539 670 579 730; x_wconf 91' lang='lat' dir='ltr'>et</span> <span class='ocrx_word' id='word_1_15' title='bbox 595 667 636 730; x_wconf 89' lang='lat' dir='ltr'>nt</span> <span class='ocrx_word' id='word_1_16' title='bbox 652 661 813 752; x_wconf 78' lang='lat' dir='ltr'>positive,</span> <span class='ocrx_word' id='word_1_17' title='bbox 831 660 939 752; x_wconf 77' lang='lat' dir='ltr'>recipi</span> <span class='ocrx_word' id='word_1_18' title='bbox 963 659 1127 730; x_wconf 79' lang='lat' dir='ltr'>debeant</span> <span class='ocrx_word' id='word_1_19' title='bbox 1180 655 1235 727; x_wconf 86' lang='lat' dir='ltr'>At</span> <span class='ocrx_word' id='word_1_20' title='bbox 1251 657 1291 727; x_wconf 90' lang='lat' dir='ltr'>in</span> <span class='ocrx_word' id='word_1_21' title='bbox 1315 667 1444 729; x_wconf 75' lang='lat' dir='ltr'>nutura</span> 
     </span>
     <span class='ocr_line' id='line_1_4' title="bbox 338 771 1447 867; baseline 0.002 -25"><span class='ocrx_word' id='word_1_22' title='bbox 338 773 499 866; x_wconf 82' lang='lat' dir='ltr'>proiecto</span> <span class='ocrx_word' id='word_1_23' title='bbox 524 782 608 844; x_wconf 85' lang='lat' dir='ltr'>sunt</span> <span class='ocrx_word' id='word_1_24' title='bbox 632 776 794 867; x_wconf 84' lang='lat' dir='ltr'>quaedem</span> <span class='ocrx_word' id='word_1_25' title='bbox 820 774 947 846; x_wconf 84' lang='lat' dir='ltr'>ultima</span> <span class='ocrx_word' id='word_1_26' title='bbox 972 784 1010 845; x_wconf 87' lang='lat' dir='ltr'>et</span> <span class='ocrx_word' id='word_1_27' title='bbox 1034 771 1289 858; x_wconf 83' lang='lat' dir='ltr'>inceueubilie;</span> <span class='ocrx_word' id='word_1_28' title='bbox 1322 796 1447 846; x_wconf 85' lang='lat' dir='ltr'>verum</span> 
     </span>
     <span class='ocr_line' id='line_1_5' title="bbox 339 889 1447 962; baseline 0.002 -2"><span class='ocrx_word' id='word_1_29' title='bbox 339 889 408 960; x_wconf 88' lang='lat' dir='ltr'>hoc</span> <span class='ocrx_word' id='word_1_30' title='bbox 425 889 559 961; x_wconf 83' lang='lat' dir='ltr'>exiliis</span> <span class='ocrx_word' id='word_1_31' title='bbox 584 913 654 961; x_wconf 95' lang='lat' dir='ltr'>non</span> <span class='ocrx_word' id='word_1_32' title='bbox 672 913 748 962; x_wconf 80' lang='lat' dir='ltr'>esee</span> <span class='ocrx_word' id='word_1_33' title='bbox 765 890 915 962; x_wconf 84' lang='lat' dir='ltr'>videtur.</span> <span class='ocrx_word' id='word_1_34' title='bbox 968 889 1118 961; x_wconf 80' lang='lat' dir='ltr'><strong>Etenim</strong></span> <span class='ocrx_word' id='word_1_35' title='bbox 1142 889 1211 961; x_wconf 91' lang='lat' dir='ltr'>hoc</span> <span class='ocrx_word' id='word_1_36' title='bbox 1228 889 1307 960; x_wconf 88' lang='lat' dir='ltr'>fieri</span> <span class='ocrx_word' id='word_1_37' title='bbox 1324 891 1447 962; x_wconf 76' lang='lat' dir='ltr'>existi·</span> 
     </span>
     <span class='ocr_line' id='line_1_6' title="bbox 340 1007 1448 1099; baseline 0 -23"><span class='ocrx_word' id='word_1_38' title='bbox 340 1027 478 1076; x_wconf 81' lang='lat' dir='ltr'>memus</span> <span class='ocrx_word' id='word_1_39' title='bbox 503 1027 549 1076; x_wconf 91' lang='lat' dir='ltr'>ex</span> <span class='ocrx_word' id='word_1_40' title='bbox 572 1007 724 1098; x_wconf 79' lang='lat' dir='ltr'>quedem</span> <span class='ocrx_word' id='word_1_41' title='bbox 751 1007 936 1077; x_wconf 78' lang='lat' dir='ltr'>harmonia</span> <span class='ocrx_word' id='word_1_42' title='bbox 961 1015 1000 1078; x_wconf 90' lang='lat' dir='ltr'>et</span> <span class='ocrx_word' id='word_1_43' title='bbox 1025 1029 1199 1078; x_wconf 79' lang='lat' dir='ltr'>consensu</span> <span class='ocrx_word' id='word_1_44' title='bbox 1225 1007 1366 1091; x_wconf 90' lang='lat' dir='ltr'>muudi,</span> <span class='ocrx_word' id='word_1_45' title='bbox 1388 1007 1448 1099; x_wconf 88' lang='lat' dir='ltr'>qui</span> 
     </span>
     <span class='ocr_line' id='line_1_7' title="bbox 340 1119 1447 1217; baseline 0.001 -24"><span class='ocrx_word' id='word_1_46' title='bbox 340 1121 458 1193; x_wconf 76' lang='lat' dir='ltr'>adhuc</span> <span class='ocrx_word' id='word_1_47' title='bbox 482 1143 554 1192; x_wconf 92' lang='lat' dir='ltr'>non</span> <span class='ocrx_word' id='word_1_48' title='bbox 572 1122 671 1193; x_wconf 83' lang='lat' dir='ltr'>venit</span> <span class='ocrx_word' id='word_1_49' title='bbox 689 1123 727 1192; x_wconf 94' lang='lat' dir='ltr'>in</span> <span class='ocrx_word' id='word_1_50' title='bbox 744 1119 1073 1195; x_wconf 59' lang='lat' dir='ltr'>observationemffi.</span> <span class='ocrx_word' id='word_1_51' title='bbox 1124 1121 1232 1205; x_wconf 86' lang='lat' dir='ltr'>Quod</span> <span class='ocrx_word' id='word_1_52' title='bbox 1251 1123 1281 1192; x_wconf 83' lang='lat' dir='ltr'>ei</span> <span class='ocrx_word' id='word_1_53' title='bbox 1298 1124 1447 1217; x_wconf 83' lang='lat' dir='ltr'>recipie·</span> 
     </span>
     <span class='ocr_line' id='line_1_8' title="bbox 341 1238 1449 1321; baseline 0.001 -12"><span class='ocrx_word' id='word_1_54' title='bbox 341 1246 401 1309; x_wconf 88' lang='lat' dir='ltr'>tur</span> <span class='ocrx_word' id='word_1_55' title='bbox 417 1247 536 1310; x_wconf 79' lang='lat' dir='ltr'>motus</span> <span class='ocrx_word' id='word_1_56' title='bbox 553 1247 656 1309; x_wconf 83' lang='lat' dir='ltr'>terrae</span> <span class='ocrx_word' id='word_1_57' title='bbox 672 1238 717 1309; x_wconf 87' lang='lat' dir='ltr'>eb</span> <span class='ocrx_word' id='word_1_58' title='bbox 735 1240 921 1310; x_wconf 91' lang='lat' dir='ltr'>occidente</span> <span class='ocrx_word' id='word_1_59' title='bbox 938 1241 976 1309; x_wconf 94' lang='lat' dir='ltr'>in</span> <span class='ocrx_word' id='word_1_60' title='bbox 992 1240 1187 1321; x_wconf 69' lang='lat' dir='ltr'>orientem</span> <span class='ocrx_word' id='word_1_61' title='bbox 1212 1238 1352 1310; x_wconf 87' lang='lat' dir='ltr'>eoedem</span> <span class='ocrx_word' id='word_1_62' title='bbox 1376 1261 1449 1310; x_wconf 86' lang='lat' dir='ltr'>mu-</span> 
     </span>
     <span class='ocr_line' id='line_1_9' title="bbox 342 1353 1449 1450; baseline 0.002 -26"><span class='ocrx_word' id='word_1_63' title='bbox 342 1365 430 1426; x_wconf 89' lang='lat' dir='ltr'>nent</span> <span class='ocrx_word' id='word_1_64' title='bbox 447 1357 669 1447; x_wconf 69' lang='lat' dir='ltr'><strong>quaestiones.</strong></span> <span class='ocrx_word' id='word_1_65' title='bbox 713 1354 811 1426; x_wconf 86' lang='lat' dir='ltr'>Nem</span> <span class='ocrx_word' id='word_1_66' title='bbox 829 1364 868 1427; x_wconf 87' lang='lat' dir='ltr'>et</span> <span class='ocrx_word' id='word_1_67' title='bbox 885 1356 960 1449; x_wconf 84' lang='lat' dir='ltr'>ipee</span> <span class='ocrx_word' id='word_1_68' title='bbox 977 1377 1084 1449; x_wconf 77' lang='lat' dir='ltr'>super</span> <span class='ocrx_word' id='word_1_69' title='bbox 1099 1355 1238 1446; x_wconf 77' lang='lat' dir='ltr'>aliquos</span> <span class='ocrx_word' id='word_1_70' title='bbox 1254 1353 1358 1450; x_wconf 74' lang='lat' dir='ltr'>polos</span> <span class='ocrx_word' id='word_1_71' title='bbox 1374 1379 1449 1426; x_wconf 90' lang='lat' dir='ltr'>mo-</span> 
     </span>
     <span class='ocr_line' id='line_1_10' title="bbox 342 1469 1448 1565; baseline 0.006 -28"><span class='ocrx_word' id='word_1_72' title='bbox 342 1481 456 1541; x_wconf 83' lang='lat' dir='ltr'>vetur.</span> <span class='ocrx_word' id='word_1_73' title='bbox 507 1469 641 1564; x_wconf 87' lang='lat' dir='ltr'>Atque,</span> <span class='ocrx_word' id='word_1_74' title='bbox 660 1494 724 1542; x_wconf 90' lang='lat' dir='ltr'>cur</span> <span class='ocrx_word' id='word_1_75' title='bbox 745 1472 892 1542; x_wconf 76' lang='lat' dir='ltr'>tandem</span> <span class='ocrx_word' id='word_1_76' title='bbox 914 1473 1071 1543; x_wconf 79' lang='lat' dir='ltr'>debeant</span> <span class='ocrx_word' id='word_1_77' title='bbox 1096 1471 1156 1543; x_wconf 77' lang='lat' dir='ltr'>isti</span> <span class='ocrx_word' id='word_1_78' title='bbox 1182 1471 1257 1565; x_wconf 92' lang='lat' dir='ltr'>poli</span> <span class='ocrx_word' id='word_1_79' title='bbox 1285 1470 1448 1544; x_wconf 83' lang='lat' dir='ltr'>oollocuri</span> 
     </span>
     <span class='ocr_line' id='line_1_11' title="bbox 342 1585 1450 1680; baseline 0.005 -25"><span class='ocrx_word' id='word_1_80' title='bbox 342 1587 456 1679; x_wconf 77' lang='lat' dir='ltr'>megin</span> <span class='ocrx_word' id='word_1_81' title='bbox 473 1585 534 1657; x_wconf 91' lang='lat' dir='ltr'>uhi</span> <span class='ocrx_word' id='word_1_82' title='bbox 552 1596 644 1670; x_wconf 83' lang='lat' dir='ltr'>eunt,</span> <span class='ocrx_word' id='word_1_83' title='bbox 662 1610 771 1680; x_wconf 82' lang='lat' dir='ltr'>quem</span> <span class='ocrx_word' id='word_1_84' title='bbox 796 1585 906 1660; x_wconf 67' lang='lat' dir='ltr'>olibi?</span> <span class='ocrx_word' id='word_1_85' title='bbox 958 1587 1055 1660; x_wconf 86' lang='lat' dir='ltr'>Item</span> <span class='ocrx_word' id='word_1_86' title='bbox 1071 1589 1262 1671; x_wconf 80' lang='lat' dir='ltr'>verticitus,</span> <span class='ocrx_word' id='word_1_87' title='bbox 1281 1597 1321 1659; x_wconf 91' lang='lat' dir='ltr'>et</span> <span class='ocrx_word' id='word_1_88' title='bbox 1337 1590 1450 1661; x_wconf 88' lang='lat' dir='ltr'>direc-</span> 
     </span>
     <span class='ocr_line' id='line_1_12' title="bbox 345 1701 1448 1798; baseline 0.005 -26"><span class='ocrx_word' id='word_1_89' title='bbox 345 1703 406 1786; x_wconf 90' lang='lat' dir='ltr'>tio,</span> <span class='ocrx_word' id='word_1_90' title='bbox 425 1711 462 1773; x_wconf 95' lang='lat' dir='ltr'>et</span> <span class='ocrx_word' id='word_1_91' title='bbox 479 1701 669 1775; x_wconf 80' lang='lat' dir='ltr'>declinatio</span> <span class='ocrx_word' id='word_1_92' title='bbox 687 1707 864 1798; x_wconf 79' lang='lat' dir='ltr'>magnetis</span> <span class='ocrx_word' id='word_1_93' title='bbox 879 1704 925 1775; x_wconf 85' lang='lat' dir='ltr'>ed</span> <span class='ocrx_word' id='word_1_94' title='bbox 943 1703 1039 1775; x_wconf 91' lang='lat' dir='ltr'>hunc</span> <span class='ocrx_word' id='word_1_95' title='bbox 1064 1713 1204 1774; x_wconf 89' lang='lat' dir='ltr'>motum</span> <span class='ocrx_word' id='word_1_96' title='bbox 1231 1705 1448 1777; x_wconf 84' lang='lat' dir='ltr'>referuntur.</span> 
     </span>
     <span class='ocr_line' id='line_1_13' title="bbox 346 1818 1451 1914; baseline 0.004 -24"><span class='ocrx_word' id='word_1_97' title='bbox 346 1818 466 1890; x_wconf 79' lang='lat' dir='ltr'>Etiam</span> <span class='ocrx_word' id='word_1_98' title='bbox 483 1821 713 1892; x_wconf 84' lang='lat' dir='ltr'>inveniuntur</span> <span class='ocrx_word' id='word_1_99' title='bbox 728 1823 765 1892; x_wconf 96' lang='lat' dir='ltr'>in</span> <span class='ocrx_word' id='word_1_100' title='bbox 783 1821 988 1914; x_wconf 83' lang='lat' dir='ltr'>corporibus</span> <span class='ocrx_word' id='word_1_101' title='bbox 1006 1829 1081 1892; x_wconf 87' lang='lat' dir='ltr'>tem</span> <span class='ocrx_word' id='word_1_102' title='bbox 1102 1820 1326 1893; x_wconf 74' lang='lat' dir='ltr'>naturalibus</span> <span class='ocrx_word' id='word_1_103' title='bbox 1344 1845 1451 1914; x_wconf 83' lang='lat' dir='ltr'>quem</span> 
     </span>
     <span class='ocr_line' id='line_1_14' title="bbox 344 1935 1451 2030; baseline 0.003 -24"><span class='ocrx_word' id='word_1_104' title='bbox 344 1935 596 2018; x_wconf 77' lang='lat' dir='ltr'>artificialibus,</span> <span class='ocrx_word' id='word_1_105' title='bbox 622 1938 817 2030; x_wconf 85' lang='lat' dir='ltr'>praesertim</span> <span class='ocrx_word' id='word_1_106' title='bbox 842 1937 1127 2021; x_wconf 79' lang='lat' dir='ltr'>consistentibus,</span> <span class='ocrx_word' id='word_1_107' title='bbox 1152 1945 1194 2007; x_wconf 88' lang='lat' dir='ltr'>et</span> <span class='ocrx_word' id='word_1_108' title='bbox 1222 1960 1296 2008; x_wconf 90' lang='lat' dir='ltr'>non</span> <span class='ocrx_word' id='word_1_109' title='bbox 1322 1937 1451 2026; x_wconf 75' lang='lat' dir='ltr'>fluidis,</span> 
     </span>
     <span class='ocr_line' id='line_1_15' title="bbox 346 2053 1452 2147; baseline 0.002 -23"><span class='ocrx_word' id='word_1_110' title='bbox 346 2053 533 2125; x_wconf 84' lang='lat' dir='ltr'>collocatio</span> <span class='ocrx_word' id='word_1_111' title='bbox 563 2055 724 2146; x_wconf 75' lang='lat' dir='ltr'>quedem</span> <span class='ocrx_word' id='word_1_112' title='bbox 756 2062 794 2124; x_wconf 87' lang='lat' dir='ltr'>et</span> <span class='ocrx_word' id='word_1_113' title='bbox 823 2055 981 2146; x_wconf 80' lang='lat' dir='ltr'>positure</span> <span class='ocrx_word' id='word_1_114' title='bbox 1012 2053 1179 2145; x_wconf 77' lang='lat' dir='ltr'>partium,</span> <span class='ocrx_word' id='word_1_115' title='bbox 1209 2060 1249 2124; x_wconf 87' lang='lat' dir='ltr'>et</span> <span class='ocrx_word' id='word_1_116' title='bbox 1279 2063 1452 2147; x_wconf 80' lang='lat' dir='ltr'>tunquam</span> 
     </span>
     <span class='ocr_line' id='line_1_16' title="bbox 346 2168 1452 2264; baseline 0.005 -28"><span class='ocrx_word' id='word_1_117' title='bbox 346 2168 421 2239; x_wconf 81' lang='lat' dir='ltr'>villi</span> <span class='ocrx_word' id='word_1_118' title='bbox 439 2178 478 2241; x_wconf 91' lang='lat' dir='ltr'>et</span> <span class='ocrx_word' id='word_1_119' title='bbox 494 2169 601 2252; x_wconf 88' lang='lat' dir='ltr'>fibrae,</span> <span class='ocrx_word' id='word_1_120' title='bbox 618 2191 696 2261; x_wconf 80' lang='lat' dir='ltr'>quae</span> <span class='ocrx_word' id='word_1_121' title='bbox 714 2168 904 2262; x_wconf 81' lang='lat' dir='ltr'>diligenter</span> <span class='ocrx_word' id='word_1_122' title='bbox 920 2168 1176 2262; x_wconf 79' lang='lat' dir='ltr'>investigendae</span> <span class='ocrx_word' id='word_1_123' title='bbox 1192 2177 1300 2253; x_wconf 79' lang='lat' dir='ltr'>eunt3</span> <span class='ocrx_word' id='word_1_124' title='bbox 1325 2180 1452 2264; x_wconf 86' lang='lat' dir='ltr'>utpote</span> 
     </span>
     <span class='ocr_line' id='line_1_17' title="bbox 347 2282 1452 2377; baseline 0.005 -23"><span class='ocrx_word' id='word_1_125' title='bbox 347 2287 423 2356; x_wconf 85' lang='lat' dir='ltr'>eine</span> <span class='ocrx_word' id='word_1_126' title='bbox 441 2308 589 2377; x_wconf 89' lang='lat' dir='ltr'>querum</span> <span class='ocrx_word' id='word_1_127' title='bbox 607 2285 813 2357; x_wconf 85' lang='lat' dir='ltr'>inventione</span> <span class='ocrx_word' id='word_1_128' title='bbox 836 2307 982 2377; x_wconf 80' lang='lat' dir='ltr'>corpore</span> <span class='ocrx_word' id='word_1_129' title='bbox 1006 2282 1067 2354; x_wconf 85' lang='lat' dir='ltr'>illa</span> <span class='ocrx_word' id='word_1_130' title='bbox 1092 2285 1282 2357; x_wconf 90' lang='lat' dir='ltr'>commode</span> <span class='ocrx_word' id='word_1_131' title='bbox 1305 2290 1452 2359; x_wconf 78' lang='lat' dir='ltr'>tracturi</span> 
     </span>
     <span class='ocr_line' id='line_1_18' title="bbox 347 2397 1453 2496; baseline 0.004 -26"><span class='ocrx_word' id='word_1_132' title='bbox 347 2411 412 2471; x_wconf 86' lang='lat' dir='ltr'>aut</span> <span class='ocrx_word' id='word_1_133' title='bbox 428 2402 502 2495; x_wconf 83' lang='lat' dir='ltr'>regi</span> <span class='ocrx_word' id='word_1_134' title='bbox 519 2422 589 2471; x_wconf 94' lang='lat' dir='ltr'>non</span> <span class='ocrx_word' id='word_1_135' title='bbox 607 2410 765 2495; x_wconf 74' lang='lat' dir='ltr'>possunt.</span> <span class='ocrx_word' id='word_1_136' title='bbox 813 2399 867 2470; x_wconf 88' lang='lat' dir='ltr'>At</span> <span class='ocrx_word' id='word_1_137' title='bbox 882 2397 1130 2471; x_wconf 81' lang='lat' dir='ltr'>circulationee</span> <span class='ocrx_word' id='word_1_138' title='bbox 1145 2399 1225 2471; x_wconf 83' lang='lat' dir='ltr'>illue</span> <span class='ocrx_word' id='word_1_139' title='bbox 1242 2401 1280 2471; x_wconf 91' lang='lat' dir='ltr'>in</span> <span class='ocrx_word' id='word_1_140' title='bbox 1298 2401 1453 2496; x_wconf 83' lang='lat' dir='ltr'>liquidis,</span> 
     </span>
     <span class='ocr_line' id='line_1_19' title="bbox 348 2515 1454 2610; baseline 0.004 -24"><span class='ocrx_word' id='word_1_141' title='bbox 348 2539 414 2609; x_wconf 90' lang='lat' dir='ltr'>per</span> <span class='ocrx_word' id='word_1_142' title='bbox 439 2539 526 2608; x_wconf 80' lang='lat' dir='ltr'>quus</span> <span class='ocrx_word' id='word_1_143' title='bbox 550 2515 621 2600; x_wconf 75' lang='lat' dir='ltr'>illo,</span> <span class='ocrx_word' id='word_1_144' title='bbox 651 2518 737 2588; x_wconf 90' lang='lat' dir='ltr'>dum</span> <span class='ocrx_word' id='word_1_145' title='bbox 764 2539 884 2610; x_wconf 80' lang='lat' dir='ltr'>pressu</span> <span class='ocrx_word' id='word_1_146' title='bbox 910 2517 991 2600; x_wconf 81' lang='lat' dir='ltr'>sint,</span> <span class='ocrx_word' id='word_1_147' title='bbox 1019 2525 1212 2610; x_wconf 77' lang='lat' dir='ltr'>antequem</span> <span class='ocrx_word' id='word_1_148' title='bbox 1237 2539 1277 2589; x_wconf 87' lang='lat' dir='ltr'>ee</span> <span class='ocrx_word' id='word_1_149' title='bbox 1304 2517 1454 2590; x_wconf 77' lang='lat' dir='ltr'>liberere</span> 
     </span>
     <span class='ocr_line' id='line_1_20' title="bbox 349 2631 1454 2726; baseline 0.005 -24"><span class='ocrx_word' id='word_1_150' title='bbox 349 2642 508 2724; x_wconf 85' lang='lat' dir='ltr'>possunt,</span> <span class='ocrx_word' id='word_1_151' title='bbox 525 2654 564 2702; x_wconf 84' lang='lat' dir='ltr'>ee</span> <span class='ocrx_word' id='word_1_152' title='bbox 589 2633 742 2704; x_wconf 85' lang='lat' dir='ltr'>invicem</span> <span class='ocrx_word' id='word_1_153' title='bbox 768 2631 938 2714; x_wconf 80' lang='lat' dir='ltr'>relevant,</span> <span class='ocrx_word' id='word_1_154' title='bbox 958 2640 1001 2702; x_wconf 89' lang='lat' dir='ltr'>ut</span> <span class='ocrx_word' id='word_1_155' title='bbox 1029 2633 1331 2726; x_wconf 80' lang='lat' dir='ltr'>compressionem</span> <span class='ocrx_word' id='word_1_156' title='bbox 1357 2634 1454 2708; x_wconf 88' lang='lat' dir='ltr'>illum</span> 
     </span>
     <span class='ocr_line' id='line_1_21' title="bbox 350 2744 1399 2842; baseline 0.006 -26"><span class='ocrx_word' id='word_1_157' title='bbox 350 2769 396 2817; x_wconf 83' lang='lat' dir='ltr'>ex</span> <span class='ocrx_word' id='word_1_158' title='bbox 414 2769 514 2839; x_wconf 88' lang='lat' dir='ltr'>aequo</span> <span class='ocrx_word' id='word_1_159' title='bbox 533 2745 697 2833; x_wconf 87' lang='lat' dir='ltr'>tolerent,</span> <span class='ocrx_word' id='word_1_160' title='bbox 714 2749 830 2820; x_wconf 89' lang='lat' dir='ltr'>motui</span> <span class='ocrx_word' id='word_1_161' title='bbox 847 2744 1014 2818; x_wconf 67' lang='lat' dir='ltr'>libertatis</span> <span class='ocrx_word' id='word_1_162' title='bbox 1032 2747 1147 2818; x_wconf 84' lang='lat' dir='ltr'>verine</span> <span class='ocrx_word' id='word_1_163' title='bbox 1162 2748 1399 2842; x_wconf 73' lang='lat' dir='ltr'>neeiguumue</span> 
     </span>
    </p>

    <p class='ocr_par' dir='ltr' id='par_1_3' title="bbox 351 2861 1459 3750">
     <span class='ocr_line' id='line_1_22' title="bbox 401 2861 1454 2958; baseline 0.005 -24"><span class='ocrx_word' id='word_1_164' title='bbox 401 2865 491 2956; x_wconf 81' lang='lat'><strong>(15.)</strong></span> <span class='ocrx_word' id='word_1_165' title='bbox 519 2861 575 2936; x_wconf 87' lang='lat' dir='ltr'>Sit</span> <span class='ocrx_word' id='word_1_166' title='bbox 592 2873 711 2936; x_wconf 84' lang='lat' dir='ltr'>motus</span> <span class='ocrx_word' id='word_1_167' title='bbox 729 2865 889 2936; x_wconf 82' lang='lat' dir='ltr'>decimus</span> <span class='ocrx_word' id='word_1_168' title='bbox 906 2866 1063 2956; x_wconf 76' lang='lat' dir='ltr'>quintus,</span> <span class='ocrx_word' id='word_1_169' title='bbox 1080 2867 1454 2958; x_wconf 60' lang='lat' dir='ltr'>caementicio</span> 
     </span>
     <span class='ocr_line' id='line_1_23' title="bbox 351 2975 1455 3072; baseline 0.005 -21"><span class='ocrx_word' id='word_1_170' title='bbox 351 2980 416 3064; x_wconf 75' lang='lat' dir='ltr'>nir,</span> <span class='ocrx_word' id='word_1_171' title='bbox 435 2982 509 3053; x_wconf 86' lang='lat' dir='ltr'>eive</span> <span class='ocrx_word' id='word_1_172' title='bbox 535 2989 646 3052; x_wconf 73' lang='lat' dir='ltr'>motus</span> <span class='ocrx_word' id='word_1_173' title='bbox 670 2979 856 3052; x_wconf 77' lang='lat' dir='ltr'>secundom</span> <span class='ocrx_word' id='word_1_174' title='bbox 882 2975 1070 3067; x_wconf 73' lang='lat' dir='ltr'>memus⁹⁶;</span> <span class='ocrx_word' id='word_1_175' title='bbox 1096 3002 1286 3072; x_wconf 87' lang='lat' dir='ltr'>perquem</span> <span class='ocrx_word' id='word_1_176' title='bbox 1304 2983 1455 3056; x_wconf 83' lang='lat' dir='ltr'>virtutes</span> 
     </span>
     <span class='ocr_line' id='line_1_24' title="bbox 351 3097 1457 3192; baseline 0 -22"><span class='ocrx_word' id='word_1_177' title='bbox 351 3121 537 3191; x_wconf 89' lang='lat' dir='ltr'>corporum</span> <span class='ocrx_word' id='word_1_178' title='bbox 554 3097 666 3192; x_wconf 83' lang='lat' dir='ltr'>magis</span> <span class='ocrx_word' id='word_1_179' title='bbox 684 3107 746 3168; x_wconf 84' lang='lat' dir='ltr'>aut</span> <span class='ocrx_word' id='word_1_180' title='bbox 764 3099 881 3167; x_wconf 85' lang='lat' dir='ltr'>minus</span> <span class='ocrx_word' id='word_1_181' title='bbox 897 3097 1153 3188; x_wconf 89' lang='lat' dir='ltr'>impediuntur,</span> <span class='ocrx_word' id='word_1_182' title='bbox 1173 3105 1239 3167; x_wconf 87' lang='lat' dir='ltr'>eut</span> <span class='ocrx_word' id='word_1_183' title='bbox 1254 3099 1457 3190; x_wconf 85' lang='lat' dir='ltr'>provehun-</span> 
     </span>
     <span class='ocr_line' id='line_1_25' title="bbox 353 3214 1458 3307; baseline 0.001 -22"><span class='ocrx_word' id='word_1_184' title='bbox 353 3223 413 3286; x_wconf 90' lang='lat' dir='ltr'>tur</span> <span class='ocrx_word' id='word_1_185' title='bbox 429 3239 451 3286; x_wconf 87' lang='lat' dir='ltr'>e</span> <span class='ocrx_word' id='word_1_186' title='bbox 467 3214 594 3285; x_wconf 83' lang='lat' dir='ltr'>mediis</span> <span class='ocrx_word' id='word_1_187' title='bbox 611 3216 778 3306; x_wconf 79' lang='lat' dir='ltr'>ipsorum,</span> <span class='ocrx_word' id='word_1_188' title='bbox 797 3235 859 3307; x_wconf 92' lang='lat' dir='ltr'>pro</span> <span class='ocrx_word' id='word_1_189' title='bbox 876 3221 1004 3284; x_wconf 82' lang='lat' dir='ltr'>netum</span> <span class='ocrx_word' id='word_1_190' title='bbox 1020 3234 1208 3304; x_wconf 86' lang='lat' dir='ltr'>corporum</span> <span class='ocrx_word' id='word_1_191' title='bbox 1225 3222 1264 3282; x_wconf 88' lang='lat' dir='ltr'>et</span> <span class='ocrx_word' id='word_1_192' title='bbox 1281 3215 1458 3286; x_wconf 86' lang='lat' dir='ltr'>virtutum</span> 
     </span>
     <span class='ocr_line' id='line_1_26' title="bbox 354 3325 1458 3424; baseline 0.002 -24"><span class='ocrx_word' id='word_1_193' title='bbox 354 3332 588 3424; x_wconf 85' lang='lat' dir='ltr'>operantium,</span> <span class='ocrx_word' id='word_1_194' title='bbox 605 3341 714 3421; x_wconf 85' lang='lat' dir='ltr'>atque</span> <span class='ocrx_word' id='word_1_195' title='bbox 740 3331 847 3400; x_wconf 84' lang='lat' dir='ltr'>etiam</span> <span class='ocrx_word' id='word_1_196' title='bbox 874 3328 995 3398; x_wconf 90' lang='lat' dir='ltr'>medii.</span> <span class='ocrx_word' id='word_1_197' title='bbox 1046 3325 1160 3398; x_wconf 88' lang='lat' dir='ltr'>Aliud</span> <span class='ocrx_word' id='word_1_198' title='bbox 1180 3327 1277 3398; x_wconf 91' lang='lat' dir='ltr'>enim</span> <span class='ocrx_word' id='word_1_199' title='bbox 1297 3331 1458 3402; x_wconf 88' lang='lat' dir='ltr'>medium</span> 
     </span>
     <span class='ocr_line' id='line_1_27' title="bbox 354 3440 1457 3537; baseline 0.001 -21"><span class='ocrx_word' id='word_1_200' title='bbox 354 3445 425 3516; x_wconf 88' lang='lat' dir='ltr'>luci</span> <span class='ocrx_word' id='word_1_201' title='bbox 451 3445 629 3527; x_wconf 84' lang='lat' dir='ltr'>convenit,</span> <span class='ocrx_word' id='word_1_202' title='bbox 648 3444 743 3515; x_wconf 86' lang='lat' dir='ltr'>eliud</span> <span class='ocrx_word' id='word_1_203' title='bbox 769 3465 866 3528; x_wconf 81' lang='lat' dir='ltr'>sono,</span> <span class='ocrx_word' id='word_1_204' title='bbox 884 3441 981 3516; x_wconf 85' lang='lat' dir='ltr'>eliud</span> <span class='ocrx_word' id='word_1_205' title='bbox 1007 3440 1115 3514; x_wconf 87' lang='lat' dir='ltr'>culori</span> <span class='ocrx_word' id='word_1_206' title='bbox 1141 3453 1180 3514; x_wconf 93' lang='lat' dir='ltr'>et</span> <span class='ocrx_word' id='word_1_207' title='bbox 1206 3443 1343 3537; x_wconf 78' lang='lat' dir='ltr'>frigori,</span> <span class='ocrx_word' id='word_1_208' title='bbox 1361 3445 1457 3517; x_wconf 86' lang='lat' dir='ltr'>uliud</span> 
     </span>
     <span class='ocr_line' id='line_1_28' title="bbox 356 3557 1459 3656; baseline 0 -26"><span class='ocrx_word' id='word_1_209' title='bbox 356 3561 547 3632; x_wconf 84' lang='lat' dir='ltr'>virtutibus</span> <span class='ocrx_word' id='word_1_210' title='bbox 574 3559 796 3655; x_wconf 73' lang='lat' dir='ltr'>magnetius,</span> <span class='ocrx_word' id='word_1_211' title='bbox 819 3582 886 3630; x_wconf 90' lang='lat' dir='ltr'>nec</span> <span class='ocrx_word' id='word_1_212' title='bbox 913 3582 985 3630; x_wconf 93' lang='lat' dir='ltr'>non</span> <span class='ocrx_word' id='word_1_213' title='bbox 1011 3557 1090 3630; x_wconf 82' lang='lat' dir='ltr'>aliie</span> <span class='ocrx_word' id='word_1_214' title='bbox 1117 3558 1299 3632; x_wconf 83' lang='lat' dir='ltr'>nonnullis</span> <span class='ocrx_word' id='word_1_215' title='bbox 1321 3584 1459 3656; x_wconf 80' lang='lat' dir='ltr'>respec-</span> 
     </span>
     <span class='ocr_line' id='line_1_29' title="bbox 356 3680 440 3750; baseline 0.024 -2"><span class='ocrx_word' id='word_1_216' title='bbox 356 3680 440 3750; x_wconf 86' lang='lat' dir='ltr'>tive.</span> 
     </span>
    </p>

    <p class='ocr_par' dir='ltr' id='par_1_4' title="bbox 408 3791 1461 3891">
     <span class='ocr_line' id='line_1_30' title="bbox 408 3791 1461 3891; baseline 0.003 -27"><span class='ocrx_word' id='word_1_217' title='bbox 408 3791 499 3888; x_wconf 88' lang='grc'>(16.)</span> <span class='ocrx_word' id='word_1_218' title='bbox 526 3792 583 3864; x_wconf 87' lang='lat' dir='ltr'>Sit</span> <span class='ocrx_word' id='word_1_219' title='bbox 609 3801 728 3864; x_wconf 82' lang='lat' dir='ltr'>motus</span> <span class='ocrx_word' id='word_1_220' title='bbox 755 3793 914 3864; x_wconf 82' lang='lat' dir='ltr'>decimus</span> <span class='ocrx_word' id='word_1_221' title='bbox 942 3801 1076 3876; x_wconf 79' lang='lat' dir='ltr'>sextus,</span> <span class='ocrx_word' id='word_1_222' title='bbox 1103 3801 1215 3864; x_wconf 68' lang='lat' dir='ltr'>motio</span> <span class='ocrx_word' id='word_1_223' title='bbox 1244 3793 1365 3891; x_wconf 70' lang='lat' dir='ltr'>regius</span> <span class='ocrx_word' id='word_1_224' title='bbox 1392 3795 1461 3890; x_wconf 86' lang='lat' dir='ltr'>(ite</span> 
     </span>
    </p>

    <p class='ocr_par' dir='ltr' id='par_1_5' title="bbox 392 3967 1462 4042">
     <span class='ocr_line' id='line_1_31' title="bbox 392 3967 1462 4042; baseline 0.005 -17"><span class='ocrx_word' id='word_1_225' title='bbox 392 3969 769 4035; x_wconf 67' lang='lat' dir='ltr'>“lhinhasbeeniulfilled</span> <span class='ocrx_word' id='word_1_226' title='bbox 781 3969 887 4040; x_wconf 86' lang='lat' dir='ltr'>though</span> <span class='ocrx_word' id='word_1_227' title='bbox 926 3967 1015 4024; x_wconf 81' lang='lat' dir='ltr'>which</span> <span class='ocrx_word' id='word_1_228' title='bbox 1038 3987 1091 4041; x_wconf 78' lang='lat' dir='ltr'>cup</span> <span class='ocrx_word' id='word_1_229' title='bbox 1114 3987 1217 4042; x_wconf 79' lang='lat' dir='ltr'>egency</span> <span class='ocrx_word' id='word_1_230' title='bbox 1237 3971 1262 4026; x_wconf 81' lang='lat' dir='ltr'>ie</span> <span class='ocrx_word' id='word_1_231' title='bbox 1286 3972 1389 4028; x_wconf 76' lang='lat' dir='ltr'>cunicd</span> <span class='ocrx_word' id='word_1_232' title='bbox 1411 3991 1462 4040; x_wconf 67' lang='grc' dir='ltr'>ους</span> 
     </span>
    </p>
   </div>
   <div class='ocr_carea' id='block_1_3' title="bbox 358 4047 1464 4204">
    <p class='ocr_par' dir='ltr' id='par_1_6' title="bbox 358 4047 1464 4204">
     <span class='ocr_line' id='line_1_32' title="bbox 358 4047 1464 4120; baseline 0.001 -13"><span class='ocrx_word' id='word_1_233' title='bbox 358 4060 406 4107; x_wconf 88' lang='lat' dir='ltr'>not</span> <span class='ocrx_word' id='word_1_234' title='bbox 423 4067 453 4106; x_wconf 76' lang='lat' dir='ltr'>ae</span> <span class='ocrx_word' id='word_1_235' title='bbox 467 4049 558 4104; x_wconf 84' lang='lat' dir='ltr'>Bacon</span> <span class='ocrx_word' id='word_1_236' title='bbox 570 4047 686 4118; x_wconf 82' lang='lat' dir='ltr'>thought</span> <span class='ocrx_word' id='word_1_237' title='bbox 702 4049 724 4102; x_wconf 87' lang='lat' dir='ltr'>it</span> <span class='ocrx_word' id='word_1_238' title='bbox 736 4047 825 4102; x_wconf 83' lang='lat' dir='ltr'>would</span> <span class='ocrx_word' id='word_1_239' title='bbox 844 4048 887 4112; x_wconf 85' lang='lat' dir='ltr'>be,</span> <span class='ocrx_word' id='word_1_240' title='bbox 927 4065 957 4102; x_wconf 80' lang='lat' dir='ltr'>ee</span> <span class='ocrx_word' id='word_1_241' title='bbox 968 4047 1046 4102; x_wconf 83' lang='lat' dir='ltr'>when</span> <span class='ocrx_word' id='word_1_242' title='bbox 1064 4047 1125 4103; x_wconf 83' lang='lat' dir='ltr'>beet</span> <span class='ocrx_word' id='word_1_243' title='bbox 1142 4065 1173 4105; x_wconf 83' lang='lat' dir='ltr'>or</span> <span class='ocrx_word' id='word_1_244' title='bbox 1185 4047 1256 4120; x_wconf 86' lang='lat' dir='ltr'>light</span> <span class='ocrx_word' id='word_1_245' title='bbox 1273 4067 1319 4104; x_wconf 76' lang='lat' dir='ltr'>ure</span> <span class='ocrx_word' id='word_1_246' title='bbox 1337 4049 1464 4108; x_wconf 83' lang='lat' dir='ltr'>modilied</span> 
     </span>
     <span class='ocr_line' id='line_1_33' title="bbox 358 4125 1464 4204; baseline 0 -17"><span class='ocrx_word' id='word_1_247' title='bbox 358 4131 395 4204; x_wconf 81' lang='lat' dir='ltr'>by</span> <span class='ocrx_word' id='word_1_248' title='bbox 415 4128 461 4184; x_wconf 87' lang='lat' dir='ltr'>the</span> <span class='ocrx_word' id='word_1_249' title='bbox 482 4126 619 4197; x_wconf 73' lang='lat' dir='ltr'>discovery</span> <span class='ocrx_word' id='word_1_250' title='bbox 638 4127 669 4182; x_wconf 87' lang='lat' dir='ltr'>ol</span> <span class='ocrx_word' id='word_1_251' title='bbox 686 4125 733 4182; x_wconf 83' lang='lat' dir='ltr'>the</span> <span class='ocrx_word' id='word_1_252' title='bbox 754 4126 888 4196; x_wconf 66' lang='lat' dir='ltr'>universal</span> <span class='ocrx_word' id='word_1_253' title='bbox 927 4125 965 4198; x_wconf 82' lang='lat' dir='ltr'>by</span> <span class='ocrx_word' id='word_1_254' title='bbox 981 4127 1092 4198; x_wconf 74' lang='lat' dir='ltr'>penning</span> <span class='ocrx_word' id='word_1_255' title='bbox 1110 4125 1229 4198; x_wconf 80' lang='lat' dir='ltr'>through</span> <span class='ocrx_word' id='word_1_256' title='bbox 1251 4126 1378 4184; x_wconf 80' lang='lat' dir='ltr'>different</span> <span class='ocrx_word' id='word_1_257' title='bbox 1400 4131 1464 4187; x_wconf 80' lang='lat' dir='ltr'>ruh-</span> 
     </span>
    </p>
   </div>
   <div class='ocr_carea' id='block_1_4' title="bbox 360 4203 1557 4354">
    <p class='ocr_par' dir='ltr' id='par_1_7' title="bbox 360 4203 1557 4354">
     <span class='ocr_line' id='line_1_34' title="bbox 360 4203 1557 4280; baseline -0.003 -16"><span class='ocrx_word' id='word_1_258' title='bbox 360 4208 464 4264; x_wconf 67' lang='lat' dir='ltr'>lenos</span> <span class='ocrx_word' id='word_1_259' title='bbox 475 4205 648 4261; x_wconf 78' lang='lat' dir='ltr'>Gravitation.</span> <span class='ocrx_word' id='word_1_260' title='bbox 929 4215 1042 4260; x_wconf 66' lang='lat' dir='ltr'>uuum.</span> <span class='ocrx_word' id='word_1_261' title='bbox 1077 4203 1172 4260; x_wconf 81' lang='lat' dir='ltr'>Under</span> <span class='ocrx_word' id='word_1_262' title='bbox 1183 4205 1237 4260; x_wconf 76' lang='lat' dir='ltr'>thir</span> <span class='ocrx_word' id='word_1_263' title='bbox 1250 4205 1465 4280; x_wconf 75' lang='lat' dir='ltr'>hcndmighthe</span> <span class='ocrx_word' id='word_1_264' title='bbox 1556 4255 1557 4260; x_wconf 73' lang='grc'>,</span> 
     </span>
     <span class='ocr_line' id='line_1_35' title="bbox 394 4267 1557 4354; baseline -0.004 -12"><span class='ocrx_word' id='word_1_265' title='bbox 394 4287 421 4328; x_wconf 77' lang='lat'>⁹⁸</span> <span class='ocrx_word' id='word_1_266' title='bbox 436 4286 504 4341; x_wconf 73' lang='lat' dir='ltr'>This</span> <span class='ocrx_word' id='word_1_267' title='bbox 525 4285 593 4340; x_wconf 79' lang='lat' dir='ltr'>clare</span> <span class='ocrx_word' id='word_1_268' title='bbox 614 4283 696 4338; x_wconf 80' lang='lat' dir='ltr'>relere</span> <span class='ocrx_word' id='word_1_269' title='bbox 716 4283 780 4354; x_wconf 82' lang='lat' dir='ltr'>only</span> <span class='ocrx_word' id='word_1_270' title='bbox 797 4291 827 4337; x_wconf 88' lang='lat' dir='ltr'>to</span> <span class='ocrx_word' id='word_1_271' title='bbox 843 4281 889 4338; x_wconf 82' lang='lat' dir='ltr'>the</span> <span class='ocrx_word' id='word_1_272' title='bbox 930 4281 1023 4352; x_wconf 83' lang='lat' dir='ltr'>pleoed</span> <span class='ocrx_word' id='word_1_273' title='bbox 1040 4282 1086 4336; x_wconf 82' lang='lat' dir='ltr'>the</span> <span class='ocrx_word' id='word_1_274' title='bbox 1104 4282 1255 4338; x_wconf 77' lang='lat' dir='ltr'>dircueriou</span> <span class='ocrx_word' id='word_1_275' title='bbox 1273 4301 1311 4340; x_wconf 91' lang='lat' dir='ltr'>on</span> <span class='ocrx_word' id='word_1_276' title='bbox 1330 4286 1465 4344; x_wconf 76' lang='lat' dir='ltr'>“Mation</span> <span class='ocrx_word' id='word_1_277' title='bbox 1556 4267 1557 4346; x_wconf 71' lang='lat'>]</span> 
     </span>
    </p>
   </div>
   <div class='ocr_carea' id='block_1_5' title="bbox 360 4360 1446 4435">
    <p class='ocr_par' dir='ltr' id='par_1_8' title="bbox 360 4360 1446 4435">
     <span class='ocr_line' id='line_1_36' title="bbox 360 4360 1446 4435; baseline -0.006 -12"><span class='ocrx_word' id='word_1_278' title='bbox 360 4367 437 4422; x_wconf 79' lang='lat' dir='ltr'>effect</span> <span class='ocrx_word' id='word_1_279' title='bbox 445 4362 542 4422; x_wconf 70' lang='lat' dir='ltr'>caused</span> <span class='ocrx_word' id='word_1_280' title='bbox 552 4362 640 4435; x_wconf 78' lang='lat' dir='ltr'>hythe</span> <span class='ocrx_word' id='word_1_281' title='bbox 651 4361 760 4416; x_wconf 72' lang='lat' dir='ltr'>medium</span> <span class='ocrx_word' id='word_1_282' title='bbox 771 4360 890 4434; x_wconf 81' lang='lat' dir='ltr'>through</span> <span class='ocrx_word' id='word_1_283' title='bbox 931 4361 959 4416; x_wconf 90' lang='lat' dir='ltr'>in</span> <span class='ocrx_word' id='word_1_284' title='bbox 973 4361 1108 4433; x_wconf 62' lang='lat' dir='ltr'>Rcuietim</span> <span class='ocrx_word' id='word_1_285' title='bbox 1121 4361 1231 4418; x_wconf 80' lang='lat' dir='ltr'>Mediu”</span> <span class='ocrx_word' id='word_1_286' title='bbox 1243 4361 1273 4418; x_wconf 91' lang='lat' dir='ltr'>iu</span> <span class='ocrx_word' id='word_1_287' title='bbox 1286 4361 1446 4434; x_wconf 71' lang='lat' dir='ltr'>Dpnnmin.</span> 
     </span>
    </p>
   </div>
   <div class='ocr_carea' id='block_1_6' title="bbox 0 0 1611 5176">
    <p class='ocr_par' dir='ltr' id='par_1_9' title="bbox 0 0 1611 5176">
     <span class='ocr_line' id='line_1_37' title="bbox 0 0 1611 5176; baseline 0 0"><span class='ocrx_word' id='word_1_288' title='bbox 0 0 1611 5176; x_wconf 95' lang='lat' dir='ltr'> </span> 
     </span>
    </p>
   </div>
  </div>
 </body>
</html>
