3222 5148
325 347 390 410 118
653 343 827 410 NOVUM
850 341 1098 410 ORGANUM.

324 531 389 602 per
415 529 633 602 consequens
659 507 859 592 infinitum3
895 504 1018 600 quales
1044 515 1129 577 sunt
1154 527 1207 578 ere
1231 504 1278 576 de
1303 502 1431 597 quibus

324 621 513 716 loquimur.
565 622 648 694 Hoc
665 645 749 693 vero
767 621 881 692 sciam
898 620 1060 690 homines
1077 641 1141 711 pro
1157 625 1268 701 certo,
1284 637 1430 687 omnem

324 740 561 812 subtilitatem
578 741 861 833 disputationum
879 746 917 809 at
933 737 1154 808 discursuum
1171 733 1354 816 montiasi
1371 734 1432 805 ad-

322 857 489 928 hibeatur
505 865 645 928 tanturn
667 863 748 949 post
772 855 953 926 axiomata
978 854 1134 937 inventa,
1151 871 1266 924 saram
1290 873 1370 922 ema
1393 861 1431 922 et

322 983 592 1068 preposteram:
630 982 669 1044 et
702 971 910 1042 subtilitatis
943 979 1085 1062 tempus
1119 990 1243 1039 remur
1276 991 1319 1039 uc
1352 989 1431 1061 pro-

321 1091 448 1184 prium,
479 1099 543 1161 aut
572 1087 700 1160 saltem
733 1089 960 1182 precipuum,
990 1085 1121 1157 versari
1150 1085 1189 1155 in
1218 1085 1430 1178 pensitanda

321 1207 554 1300 experientia,
585 1213 624 1276 at
653 1205 736 1276 inde
766 1202 1024 1274 constituendis
1052 1201 1315 1274 axiomatibus:
1346 1222 1429 1270 num

321 1321 384 1394 illa
413 1321 526 1394 altera
555 1319 732 1392 subtilitas
765 1329 930 1391 naturam
959 1326 1105 1412 prensat
1133 1329 1173 1390 et
1201 1325 1336 1410 captat,
1365 1317 1426 1390 sad

320 1459 504 1531 nunquam
520 1437 757 1530 apprehendit
778 1443 842 1507 aut
865 1438 972 1529 capit.
1024 1433 1075 1506 Et
1091 1435 1314 1506 verissimum
1331 1443 1430 1506 certe

321 1555 500 1646 estquod
526 1551 572 1624 de
598 1551 781 1624 occasione
802 1553 876 1623 sive
899 1551 1041 1622 fortuna
1057 1551 1128 1622 dici
1149 1551 1251 1636 solet,
1268 1553 1298 1622 si
1317 1561 1427 1622 trans-

321 1671 456 1742 feratur
479 1671 523 1741 ad
551 1677 735 1740 naturam:
764 1667 944 1752 videlicet,
960 1691 1034 1740 coru
1061 1691 1082 1740 a
1096 1667 1224 1764 fronto
1248 1677 1427 1752 mutarn,

321 1784 363 1858 cd
380 1785 541 1881 occipitio
558 1783 688 1858 ecloum
706 1782 824 1856 errrffi.

372 1902 539 1996 Denique
570 1905 617 1974 de
646 1911 856 1996 contemptu
889 1903 927 1972 iu
952 1901 1105 1974 naturali
1131 1901 1278 1974 historia
1306 1923 1427 1973 rorum

319 2027 383 2090 aut
407 2018 617 2115 vulgarium,
638 2027 702 2090 aut
726 2018 861 2102 vilium,
885 2027 949 2089 aut
974 2020 1080 2090 nimis
1104 2017 1300 2100 subtilium,
1325 2025 1366 2090 et
1389 2019 1427 2089 iu

321 2135 515 2229 originibus
541 2135 612 2206 suis
637 2133 830 2217 inutilium,
847 2133 910 2204 illa
925 2156 996 2204 vox
1021 2133 1240 2206 muliercule
1256 2133 1302 2203 ad
1320 2134 1428 2204 tumi-

320 2250 407 2321 dum
423 2251 630 2344 prinoipem,
648 2250 710 2342 qui
733 2251 945 2343 petitionem
970 2253 1056 2345 ejus,
1074 2259 1117 2322 ut
1141 2271 1217 2320 reru
1242 2249 1427 2344 indignam

319 2377 358 2436 et
375 2369 561 2461 majestate
583 2389 647 2438 sua
669 2367 886 2452 inferiorem,
904 2367 1101 2461 abjecisset,
1118 2390 1181 2461 pro
1198 2367 1342 2439 omcnlo
1360 2367 1426 2454 sit;

319 2479 451 2554 Desine
467 2504 548 2580 erpo
559 2505 625 2554 rec
641 2479 772 2554 esscw:
799 2484 885 2576 quia
901 2485 1138 2556 certissimum
1154 2492 1220 2566 est,
1233 2483 1424 2577 imperium

318 2599 356 2669 in
374 2607 547 2684 naturam,
565 2600 594 2671 si
618 2601 698 2692 quis
720 2599 923 2692 hujusmodi
950 2602 1066 2684 rebus,
1083 2610 1126 2671 ut
1148 2601 1255 2672 nimis
1270 2599 1425 2672 exilibus

319 2722 358 2785 et
373 2715 532 2800 minutis,
549 2739 673 2787 vacare
689 2715 791 2800 nolit,
808 2739 877 2788 uec
894 2717 1048 2789 obtineri
1066 2741 1133 2790 uec
1148 2719 1225 2812 geri
1242 2739 1357 2810 posse.

786 2897 950 2970 CXXII.

371 3011 538 3088 Occurrit
564 3015 674 3085 etiam
700 3023 739 3086 et
765 3013 876 3102 illud;
902 3015 1064 3088 mirabile
1089 3015 1259 3110 quiddam
1285 3037 1364 3087 esse
1387 3023 1425 3088 et

319 3131 459 3215 durum,
475 3131 571 3224 quod
589 3153 653 3202 nos
670 3153 794 3204 omues
811 3133 976 3204 scientias
993 3143 1102 3227 atque
1119 3155 1243 3204 omnes
1259 3141 1424 3204 auctores

318 3249 434 3334 simul,
458 3273 500 3322 ac
526 3248 638 3322 veluti
666 3273 738 3322 uno
768 3253 844 3322 ictu
875 3261 913 3322 et
941 3253 1089 3347 impetu,
1116 3274 1422 3324 summoveamur:

318 3363 425 3457 idque
443 3387 514 3436 uon
537 3374 718 3458 assumpto
741 3366 860 3459 aliquo
885 3389 932 3440 ex
955 3369 1109 3462 antiquis
1134 3368 1171 3438 in
1191 3366 1369 3440 auxilium
1386 3375 1423 3439 et

317 3481 521 3572 praesidium
537 3489 709 3566 nostrum,
727 3484 789 3554 sed
807 3484 906 3576 quasi
925 3483 1058 3556 viribus
1074 3485 1233 3577 propriis.

369 3593 448 3666 Nos
465 3603 586 3666 autem
604 3597 744 3683 scimus,
762 3601 791 3669 si
815 3600 933 3670 miuus
956 3601 1091 3673 sincera
1107 3599 1178 3670 lide
1200 3622 1307 3694 agere
1324 3599 1422 3671 volu·

317 3712 476 3796 issemus,
495 3734 567 3782 uon
591 3713 735 3785 difficile
757 3716 866 3787 firisse
889 3717 1001 3801 nobis,
1018 3717 1096 3801 ista,
1113 3740 1192 3809 quae
1214 3715 1421 3801 afferuntur,

352 3955 455 4014 ”Thin
472 3958 628 4030 thoughtir
646 3959 732 4016 lormd
750 3962 779 4016 in
797 3979 850 4018 ons
889 3980 906 4019 a
930 3961 1092 4020 Hcrrmetsr
1113 3963 1199 4020 found
1223 3965 1251 4020 in
1273 3965 1420 4038 Diouyriru

316 4034 348 4090 oi
363 4033 411 4089 tbs
428 4033 512 4090 iablcs
529 4034 560 4090 ol
576 4036 716 4102 ledrus,
729 4041 795 4104 ud,
812 4056 849 4094 ou
890 4042 968 4106 Orto,
991 4042 1107 4098 Disticb.
1127 4041 1161 4097 ds
1184 4042 1310 4100 Moribus
1323 4041 1413 4100 rtur.

317 4117 336 4144 “
346 4111 460 4169 Occru'o
472 4113 615 4184 nspiw
650 4116 718 4171 diso
733 4115 807 4172 tircrs
824 4117 848 4172 ir
889 4119 961 4188 (circ.
975 4122 1009 4176 Α.
1018 4120 1055 4175 D.
1062 4121 1138 4191 400.)

458 4205 478 4232 ⁸¹
487 4199 586 4255 Fronto
598 4203 728 4273 mpillrte.
740 4213 802 4273 port
813 4213 854 4259 cst
867 4203 981 4262 Ooorsio
991 4207 1095 4262 cuin?

314 4287 381 4344 'liris
396 4287 420 4345 is
437 4288 468 4345 ot
483 4303 579 4343 course
590 4287 636 4343 tha
647 4288 726 4345 latin
738 4289 807 4346 form
820 4291 850 4346 oi
888 4293 934 4348 rba
945 4293 1094 4350 rmuockss’

315 4383 366 4424 our
377 4367 491 4438 proverb
502 4366 613 4422 about“
622 4367 799 4440 nkirrg'l'imc
810 4369 847 4441 by
923 4371 950 4412 ⁸⁹
959 4373 1029 4430 'rold
1040 4373 1072 4428 ol
1083 4373 1170 4447 Philip
1181 4374 1213 4430 oi
1222 4374 1365 4432 Macedon.
