3268 5146
642 365 730 430 LIB.
747 365 795 430 11.
811 387 864 445 40.
910 363 912 366 ’
1233 367 1297 432 265

194 527 325 600 habeat
344 528 488 622 spiritus
504 530 587 612 vini,
607 530 654 600 ad
680 531 752 602 tale
775 540 948 624 quantum
974 533 1129 604 materiae
1155 555 1297 626 equan-

197 647 294 727 dum,
319 647 434 739 spatio
460 647 566 717 vicies
591 655 630 718 et
659 648 770 720 semel
795 651 928 746 majore
950 673 1058 742 quam
1082 649 1210 744 implet
1235 673 1297 722 au-

197 785 286 846 rum,
303 785 376 834 non
394 763 573 836 erraverit.

246 878 475 951 Coaoervatio
501 887 623 950 autem
648 880 816 966 materiae,
834 889 872 951 et
897 882 1053 952 rationes
1077 881 1154 973 ejus
1180 881 1295 952 dedu·

197 1004 327 1066 ountur
338 994 385 1065 ad
401 994 566 1066 sensibile
582 1017 646 1088 per
656 995 804 1090 pondus
832 985 976 1068 Pondus
993 996 1089 1066 enim
1106 997 1298 1090 respondet

198 1112 307 1205 oopiae
322 1112 489 1194 materiae,
507 1111 622 1204 quoad
638 1121 756 1206 partes
773 1113 824 1184 rei
842 1112 1041 1207 tangibilia:
1068 1114 1213 1207 spiritus
1235 1135 1297 1184 au·

198 1235 283 1312 tem,
301 1235 340 1300 et
357 1228 434 1320 ejus
450 1237 623 1320 quantum
641 1251 688 1300 ex
705 1230 865 1312 materia,
883 1251 953 1299 non
973 1229 1070 1300 venit
1093 1230 1130 1300 in
1151 1251 1298 1321 eompu-

198 1346 373 1417 tationem
399 1367 463 1438 per
478 1345 638 1439 pondus3
664 1344 759 1416 levat
776 1345 872 1416 enim
895 1345 1034 1438 pondus
1056 1347 1296 1438 potiusquam

198 1470 331 1556 gravat.
382 1460 436 1532 At
452 1484 517 1534 nos
534 1460 638 1555 hujus
653 1465 705 1534 rei
723 1463 882 1533 tabulam
908 1464 1057 1534 fecimus
1083 1463 1169 1533 satie
1193 1485 1298 1533 aeon·

199 1585 334 1662 ratam
360 1578 483 1670 inqua
508 1579 665 1671 pondera
687 1586 725 1648 et
750 1578 864 1671 spatio
888 1577 1106 1671 singulorum
1133 1578 1297 1649 metallo-

57 1765 64 1779 ,
198 1715 290 1777 rum,
307 1691 463 1786 lapidum
491 1695 758 1786 praeoipuorum,
784 1694 970 1788 lignorum,
995 1693 1184 1786 liquorum,
1201 1693 1298 1766 oleo-

198 1832 290 1894 rum,
302 1818 342 1882 et
359 1810 591 1902 plurimorum
608 1811 759 1881 aliorum
775 1833 974 1904 corporum,
988 1819 1061 1882 tam
1078 1811 1296 1882 naturalium

200 1948 306 2018 qnam
323 1925 570 2007 artificialium,
588 1928 815 2019 excepimus:
840 1949 917 1998 rem
934 1927 1204 2020 polychrestam
1223 1937 1296 1998 tam

199 2042 244 2113 ad
261 2041 379 2114 lnoem
399 2043 668 2127 informationis,
686 2066 792 2136 quom
815 2042 861 2114 ad
885 2065 1045 2113 normam
1064 2043 1298 2136 operationis;

200 2165 239 2230 et
255 2181 334 2251 qnae
351 2160 482 2230 multas
507 2182 563 2231 res
587 2159 724 2232 revelet
744 2159 889 2230 omnino
912 2167 1040 2251 praeter
1055 2167 1298 2252 expectatum.

201 2271 333 2366 Neque
359 2274 448 2346 illud
475 2298 537 2368 pro
563 2276 711 2346 minimo
736 2273 940 2346 habendum
958 2284 1024 2358 est,
1042 2275 1135 2367 quod
1155 2274 1299 2346 demon·

201 2398 302 2475 stret,
320 2413 463 2464 omnem
488 2393 802 2485 varietatemque
827 2393 865 2462 in
890 2392 1093 2486 corporibus
1119 2391 1300 2487 tangibili·

202 2506 268 2578 bus
292 2507 396 2578 nobis
420 2509 516 2579 notis
541 2516 710 2590 versatur,
735 2507 982 2603 (intelligimus
1006 2518 1128 2579 autem
1152 2531 1300 2602 corpora

202 2621 293 2695 bene
316 2625 425 2708 unita,
442 2647 509 2695 nee
535 2624 638 2718 plane
664 2627 859 2720 spongiose,
876 2634 915 2696 et
931 2648 1026 2709 aava,
1044 2635 1083 2697 et
1098 2647 1229 2720 magno
1253 2649 1300 2697 ex

202 2749 304 2834 parte
328 2742 409 2813 aire
434 2739 597 2835 impleta)
614 2763 686 2812 non
706 2741 799 2813 ultra
822 2742 975 2813 rationes
1001 2743 1156 2835 partium
1173 2741 1301 2835 viginti

202 2865 242 2928 at
266 2856 371 2928 unius
395 2857 590 2928 excedere:
616 2866 690 2928 tam
717 2858 819 2928 linita
843 2856 979 2928 scilieet
1004 2866 1060 2928 est
1084 2864 1221 2940 natura,
1239 2866 1304 2929 aut

203 2974 331 3046 saltem
354 2970 415 3043 illa
443 2995 522 3066 pars
546 2974 632 3066 ejus,
650 2974 751 3066 eujus
774 2995 858 3044 usus
880 2974 925 3044 ad
956 2995 1019 3043 nos
1042 2973 1198 3043 maxime
1225 2994 1304 3064 per-

203 3090 307 3160 tinet.

255 3205 374 3277 Etiam
392 3205 585 3301 diligentiae
610 3214 737 3277 nostrae
760 3227 837 3278 esse
861 3203 1075 3298 putavimus,
1094 3203 1258 3297 experiri,
1276 3204 1304 3273 si

203 3323 298 3395 forte
323 3324 399 3417 oapi
425 3324 561 3418 possint
587 3325 742 3396 rationes
767 3345 954 3416 corporum
979 3343 1052 3392 non
1079 3318 1305 3416 tangibilium

203 3439 278 3512 sive
311 3440 629 3532 pneumatieorum,
656 3450 821 3534 respectu
851 3458 1039 3531 corporum
1068 3435 1306 3532 tangibilium.

204 3555 248 3626 Id
277 3557 372 3649 quod
399 3555 462 3627 tali
490 3556 674 3629 molitione
702 3557 855 3652 aggressi
882 3575 1016 3626 sumus.
1069 3551 1231 3624 Phialam
1258 3552 1308 3622 vi-

204 3680 318 3744 tream
348 3673 559 3765 aoeepimus,
587 3695 665 3765 qnae
696 3675 836 3744 unciam
869 3672 1018 3742 fortasse
1046 3691 1154 3740 unam
1182 3689 1308 3760 capere

203 3789 335 3882 possit:
365 3791 540 3882 parvitate
558 3790 648 3860 vasis
666 3789 731 3871 usi,
749 3798 792 3859 ut
809 3786 937 3858 minori
955 3807 1038 3858 oum
1055 3783 1172 3856 calore
1189 3791 1309 3878 posset
1376 3854 1380 3864 ,

203 3904 280 3976 fieri
298 3905 501 3995 evaporatio
520 3926 681 3998 sequens.
712 3902 818 3974 Hane
836 3900 992 3996 phialam
1010 3899 1136 3992 spiritu
1153 3898 1227 3968 vini
1243 3897 1310 3967 im·

203 4020 381 4116 plevimos
397 4021 471 4091 fere
488 4021 533 4091 ad
551 4021 708 4107 collum;
734 4019 910 4116 eligentes
927 4018 1093 4114 spiritum
1111 4016 1197 4098 vini,
1214 4014 1310 4106 quod

196 4159 268 4230 per
283 4135 442 4207 tabulam
467 4138 631 4230 priorem,
650 4159 732 4208 eum
752 4158 828 4208 esse
846 4159 892 4207 ex
909 4133 1114 4227 corporibus
1132 4127 1312 4225 tangibili·

203 4251 271 4324 bus
289 4252 383 4344 (quae
401 4251 492 4322 bene
510 4252 619 4333 unita,
638 4274 706 4325 neo
723 4275 811 4324 osvo
826 4253 925 4345 sunt)
944 4249 1175 4330 rarissimum,
1191 4255 1229 4316 et
1245 4245 1313 4314 mi·

204 4367 342 4438 nimum
360 4369 545 4441 continens
571 4369 729 4440 materiae
755 4367 822 4440 snb
839 4390 904 4440 sno
922 4367 1094 4447 dimenso,
1114 4360 1313 4433 observavi-
