3078 5180
824 313 874 378 xvi

349 477 431 540 Nam
454 475 524 540 huic
547 485 661 540 nostroe
685 475 828 541 Scientiae
849 475 918 540 finis
940 475 1133 562 proponitur,
1152 485 1189 540 ut
1209 475 1409 542 inveniantur

306 607 367 650 non
384 587 588 673 Argumenta,
603 585 659 649 sed
672 595 775 663 artes;
798 608 854 650 nec
868 585 1025 673 principiis
1040 595 1254 661 consentanea,
1270 587 1327 651 ssd
1341 585 1411 672 ipsa

306 695 476 781 principia;
499 717 555 758 nec
569 694 706 760 rationes
720 695 905 782 probabiles,
920 695 976 760 sed
989 694 1218 782 designationes
1239 704 1273 760 et
1292 695 1411 761 indica-

307 804 405 871 tiones
420 828 558 893 operum.
600 807 711 892 Itaque
725 827 764 870 ex
779 805 948 870 intentione
963 807 1095 886 diversa,
1110 807 1251 872 &versus
1265 807 1409 893 sequitur

307 917 442 982 effectus.
490 918 556 982 Illic
578 917 659 981 enim
681 916 877 982 adversarius
899 917 1107 1003 disputatione
1127 918 1260 983 vincitur
1279 928 1313 984 et
1335 941 1409 983 con-

306 1027 470 1116 stringitur
483 1051 491 1102 ;
513 1027 563 1091 hio
578 1028 702 1092 Natura
716 1047 818 1112 opere.

364 1140 469 1224 Atque
503 1161 572 1204 cum
606 1137 780 1225 hujusmodi
808 1137 869 1202 fine
898 1137 1082 1204 conveniunt
1111 1139 1410 1205 demonstrationum

307 1248 443 1335 ipsarum
465 1257 632 1313 naturast
654 1248 739 1312 ordo.
785 1247 823 1311 In
838 1246 955 1334 Logica
976 1245 1056 1310 enim
1080 1247 1201 1335 vulgari
1223 1250 1410 1336 operatore

305 1357 451 1424 universa
472 1357 554 1422 circa
576 1359 787 1446 syllogismum
811 1357 1008 1422 consumitur.
1054 1359 1104 1422 Dc
1127 1359 1311 1424 Inductione
1333 1383 1409 1426 vero

307 1470 458 1536 dialectid
474 1471 525 1534 rix
540 1470 620 1535 serio
635 1469 786 1558 cogitasse
801 1469 962 1544 ridentur-3
979 1467 1038 1532 leri
1052 1469 1207 1534 mentione
1221 1492 1290 1535 eam
1305 1479 1410 1536 mans-

307 1583 475 1659 mittentes,
499 1584 593 1650 etad
615 1580 829 1668 disputationis
851 1579 999 1644 formulas
1020 1589 1232 1665 properantes.
1284 1582 1330 1646 At
1350 1604 1408 1647 nos

307 1695 600 1760 demonstrationem
626 1716 683 1781 per
709 1691 928 1780 syllogismum
954 1691 1118 1778 rejicimus,
1142 1692 1226 1777 quod
1251 1693 1410 1760 conlirsius

307 1815 383 1892 agat
408 1815 441 1870 et
462 1807 615 1870 Naturam
639 1804 761 1870 emittat
787 1826 804 1869 e
830 1803 980 1868 manibus.
1025 1803 1161 1868 Tametsi
1183 1803 1265 1869 enim
1291 1805 1408 1870 nemini

308 1917 435 1981 dubium
449 1939 516 1982 esse
530 1917 636 2003 possit,
650 1915 737 2001 quin,
751 1936 821 2000 qum
835 1913 867 1978 in
882 1913 983 1978 medio
1002 1912 1134 1977 termino
1157 1914 1353 1991 conveniunt,
1369 1937 1409 1980 ea

307 2035 340 2090 et
355 2025 484 2092 interae
503 2026 694 2100 conveniant,
710 2025 806 2111 (quod
821 2033 869 2089 est
888 2023 1114 2089 mathematica
1136 2024 1294 2110 cujusdam
1314 2026 1409 2091 certi-

307 2136 451 2219 tudinis);
474 2135 669 2201 nihilominus
691 2136 750 2199 hoc
772 2135 877 2199 subeat
897 2132 1024 2210 fraudis,
1040 2133 1123 2219 quod
1140 2133 1344 2222 syllogismus
1366 2157 1407 2200 eu

307 2248 565 2334 propositionibus
586 2256 715 2322 constet,
738 2245 961 2332 propositiones
984 2267 1023 2308 ex
1045 2243 1157 2320 verbis,
1180 2245 1277 2309 verba
1300 2255 1407 2310 autem

307 2357 465 2422 notionum
481 2367 607 2422 tessera
622 2366 655 2422 et
668 2358 758 2445 signa
772 2357 842 2422 sint.
874 2359 984 2442 Itaque
999 2356 1024 2420 si
1039 2355 1179 2420 notiones
1193 2356 1267 2442 ipsa
1282 2357 1406 2434 mentis,

308 2470 391 2552 (qua
403 2467 567 2531 verborum
579 2467 666 2552 quasi
680 2466 784 2530 anima
797 2476 879 2543 sunt,
895 2479 927 2533 et
941 2466 1036 2531 totius
1049 2465 1223 2552 hujusmodi
1239 2475 1408 2532 structurae

307 2585 340 2640 ct
362 2575 487 2640 fabrica
509 2575 606 2660 basis)
620 2577 699 2642 male
721 2599 757 2642 ac
781 2587 900 2643 temere
920 2601 942 2643 a
962 2577 1056 2642 rebus
1077 2577 1243 2642 abstracta
1258 2587 1290 2642 et
1305 2600 1406 2666 vaga,

308 2707 365 2749 nec
380 2685 454 2749 sads
465 2685 599 2750 definitur
611 2696 643 2750 et
653 2686 901 2782 circumscripta,
912 2687 1045 2774 denique
1060 2685 1163 2750 multis
1178 2685 1276 2751 modis
1287 2687 1407 2754 vitiosa

308 2794 434 2870 luserint,
457 2793 559 2859 omnia
579 2804 683 2861 ruunt.
728 2797 894 2884 Rejioimus
916 2798 1012 2886 igitur
1036 2795 1277 2884 syllogismum
1304 2819 1407 2885 neque

308 2903 343 2967 id
363 2905 460 2968 solum
475 2905 578 2989 quoad
599 2905 750 2992 principia
764 2907 818 2992 (ad
832 2928 902 2992 qua
925 2929 982 2972 nec
1004 2905 1047 2971 illi
1069 2927 1138 2971 oum
1161 2905 1336 2991 adhibent),
1351 2909 1408 2974 sed

308 3014 401 3078 etium
416 3015 518 3099 quoad
531 3016 756 3102 propositiones
769 3016 905 3093 medias3
928 3039 1005 3104 quas
1019 3016 1123 3082 educit
1138 3037 1211 3080 sane
1225 3025 1320 3103 atque
1334 3039 1407 3104 par-

308 3124 394 3201 turit,
410 3134 566 3211 utcunque
582 3125 805 3212 syllogismum
828 3127 884 3191 sed
898 3147 1026 3213 operum
1049 3124 1169 3189 steriles
1188 3135 1220 3190 et
1235 3148 1256 3190 a
1269 3128 1409 3212 practica

308 3245 452 3312 remotas,
468 3244 501 3300 et
515 3235 608 3322 plane
622 3236 725 3322 quoad
743 3245 864 3322 partem
887 3237 1018 3302 activam
1041 3239 1237 3304 scientiarum
1252 3240 1409 3326 incompe-
1519 3295 1520 3298 ,

308 3353 417 3411 tentes.
464 3346 613 3424 Quamvis
634 3347 731 3434 igitur
745 3347 955 3434 relinquamus
970 3349 1156 3437 Syllogismo
1177 3359 1210 3414 ct
1232 3350 1408 3437 hujusmodi

307 3457 618 3522 demonemationibus
643 3456 767 3522 famosis
791 3481 827 3523 ac
849 3460 973 3546 jactatis
997 3459 1238 3546 jmisdiotionem
1265 3460 1297 3524 in
1323 3471 1409 3528 artes

307 3565 472 3653 populares
498 3576 530 3630 et
559 3566 727 3652 opinabiles
755 3568 810 3650 (nil
838 3570 919 3634 enim
948 3573 980 3634 in
1010 3571 1068 3634 hac
1097 3579 1187 3656 parte
1216 3576 1407 3655 moremus);

307 3687 412 3740 tmnen
438 3676 479 3741 ad
499 3676 651 3741 Naturam
675 3699 780 3742 rerum
803 3679 983 3746 Inductione
1005 3703 1063 3766 per
1089 3681 1199 3756 omnia,
1222 3692 1255 3746 et
1279 3693 1343 3747 tam
1368 3685 1410 3750 ad

308 3785 442 3849 minores
461 3785 684 3872 propositiones
701 3809 793 3874 quam
808 3790 849 3854 ad
868 3791 1009 3876 majores,
1025 3790 1149 3855 utimur.
1196 3791 1407 3857 inductionem

308 3895 389 3958 enim
414 3917 571 3960 censemus
597 3918 664 3962 eam
688 3921 754 3963 esse
780 3900 1010 3966 demonstrandi
1031 3900 1172 3979 sormam,
1193 3924 1263 3988 quse
1284 3923 1406 3968 sensum

308 4015 424 4080 tuetur,
440 4014 472 4070 et
488 4005 640 4070 Naturam
661 4010 783 4092 premit,
798 4020 831 4074 et
850 4011 993 4096 operibus
1013 4012 1150 4076 imminet
1169 4035 1205 4075 ac
1224 4011 1291 4076 fere
1310 4011 1410 4077 immi·

308 4125 419 4182 eostur.

354 4228 464 4312 ltaque
485 4229 561 4293 ordo
579 4251 701 4315 quoque
722 4233 953 4298 demonstrandi
972 4235 1063 4320 plane
1085 4235 1257 4299 invertitur.
1296 4235 1410 4300 Adhuc
