<?xml version="1.0" encoding="UTF-8"?>
<!DOCTYPE html PUBLIC "-//W3C//DTD XHTML 1.0 Transitional//EN"
    "http://www.w3.org/TR/xhtml1/DTD/xhtml1-transitional.dtd">
<html xmlns="http://www.w3.org/1999/xhtml" xml:lang="en" lang="en">
 <head>
  <title>
</title>
<meta http-equiv="Content-Type" content="text/html;charset=utf-8" />
  <meta name='ocr-system' content='tesseract 3.04.00' />
  <meta name='ocr-capabilities' content='ocr_page ocr_carea ocr_par ocr_line ocrx_word'/>
</head>
<body>
  <div class='ocr_page' id='page_1' title='image "./franciscibaconi01kitcgoog_0143.png"; bbox 0 0 3222 5148; ppageno 0'>
   <div class='ocr_carea' id='block_1_1' title="bbox 330 319 1102 387">
    <p class='ocr_par' dir='ltr' id='par_1_1' title="bbox 330 319 1102 387">
     <span class='ocr_line' id='line_1_1' title="bbox 330 319 1102 387; baseline 0 -3"><span class='ocrx_word' id='word_1_1' title='bbox 330 321 395 386; x_wconf 82' lang='lat'><strong>114</strong></span> <span class='ocrx_word' id='word_1_2' title='bbox 658 319 832 387; x_wconf 84' lang='lat' dir='ltr'><strong>NOVUM</strong></span> <span class='ocrx_word' id='word_1_3' title='bbox 854 319 1102 387; x_wconf 84' lang='lat' dir='ltr'>ORGANUM.</span> 
     </span>
    </p>
   </div>
   <div class='ocr_carea' id='block_1_2' title="bbox 329 483 1443 2554">
    <p class='ocr_par' dir='ltr' id='par_1_2' title="bbox 329 483 1443 2554">
     <span class='ocr_line' id='line_1_2' title="bbox 329 483 1436 579; baseline 0 -23"><span class='ocrx_word' id='word_1_4' title='bbox 329 484 415 578; x_wconf 89' lang='lat' dir='ltr'><strong>qnid</strong></span> <span class='ocrx_word' id='word_1_5' title='bbox 440 485 478 556; x_wconf 94' lang='lat' dir='ltr'><strong>in</strong></span> <span class='ocrx_word' id='word_1_6' title='bbox 503 485 588 579; x_wconf 91' lang='lat' dir='ltr'><strong>ipsis</strong></span> <span class='ocrx_word' id='word_1_7' title='bbox 613 487 870 578; x_wconf 79' lang='lat' dir='ltr'>experimentis</span> <span class='ocrx_word' id='word_1_8' title='bbox 895 487 1015 558; x_wconf 92' lang='lat' dir='ltr'><strong>minus</strong></span> <span class='ocrx_word' id='word_1_9' title='bbox 1039 493 1190 570; x_wconf 90' lang='lat' dir='ltr'><strong>certum,</strong></span> <span class='ocrx_word' id='word_1_10' title='bbox 1208 483 1265 556; x_wconf 84' lang='lat' dir='ltr'><strong>vel</strong></span> <span class='ocrx_word' id='word_1_11' title='bbox 1287 484 1436 558; x_wconf 92' lang='lat' dir='ltr'><strong>omnino</strong></span> 
     </span>
     <span class='ocr_line' id='line_1_3' title="bbox 330 600 1436 696; baseline -0.002 -22"><span class='ocrx_word' id='word_1_12' title='bbox 330 600 481 686; x_wconf 86' lang='lat' dir='ltr'><strong>felsum;</strong></span> <span class='ocrx_word' id='word_1_13' title='bbox 505 611 613 696; x_wconf 87' lang='lat' dir='ltr'><strong>atque</strong></span> <span class='ocrx_word' id='word_1_14' title='bbox 629 612 817 696; x_wconf 84' lang='lat' dir='ltr'><strong>propterea</strong></span> <span class='ocrx_word' id='word_1_15' title='bbox 836 625 957 676; x_wconf 87' lang='lat' dir='ltr'><strong>secum</strong></span> <span class='ocrx_word' id='word_1_16' title='bbox 974 601 1122 674; x_wconf 70' lang='lat' dir='ltr'><strong>fortusse</strong></span> <span class='ocrx_word' id='word_1_17' title='bbox 1144 600 1340 696; x_wconf 86' lang='lat' dir='ltr'><strong>reputabit,</strong></span> <span class='ocrx_word' id='word_1_18' title='bbox 1357 603 1436 672; x_wconf 84' lang='lat' dir='ltr'><strong>fun·</strong></span> 
     </span>
     <span class='ocr_line' id='line_1_4' title="bbox 333 717 1437 813; baseline -0.001 -24"><span class='ocrx_word' id='word_1_19' title='bbox 333 718 509 790; x_wconf 85' lang='lat' dir='ltr'><strong>dementis</strong></span> <span class='ocrx_word' id='word_1_20' title='bbox 534 727 573 791; x_wconf 90' lang='lat' dir='ltr'><strong>et</strong></span> <span class='ocrx_word' id='word_1_21' title='bbox 598 719 779 813; x_wconf 74' lang='lat' dir='ltr'><strong>principiis</strong></span> <span class='ocrx_word' id='word_1_22' title='bbox 807 717 903 790; x_wconf 84' lang='lat' dir='ltr'><strong>falsis</strong></span> <span class='ocrx_word' id='word_1_23' title='bbox 930 727 969 790; x_wconf 91' lang='lat' dir='ltr'><strong>et</strong></span> <span class='ocrx_word' id='word_1_24' title='bbox 999 718 1116 790; x_wconf 87' lang='lat' dir='ltr'><strong>dubiis</strong></span> <span class='ocrx_word' id='word_1_25' title='bbox 1142 719 1289 790; x_wconf 81' lang='lat' dir='ltr'><strong>inventa</strong></span> <span class='ocrx_word' id='word_1_26' title='bbox 1315 727 1437 788; x_wconf 79' lang='lat' dir='ltr'><strong>nostra</strong></span> 
     </span>
     <span class='ocr_line' id='line_1_5' title="bbox 331 831 1436 920; baseline -0.002 -14"><span class='ocrx_word' id='word_1_27' title='bbox 331 834 410 906; x_wconf 89' lang='lat' dir='ltr'><strong>uiti.</strong></span> <span class='ocrx_word' id='word_1_28' title='bbox 452 831 592 906; x_wconf 90' lang='lat' dir='ltr'><strong>Verum</strong></span> <span class='ocrx_word' id='word_1_29' title='bbox 608 835 677 906; x_wconf 87' lang='lat' dir='ltr'><strong>hoc</strong></span> <span class='ocrx_word' id='word_1_30' title='bbox 693 834 784 906; x_wconf 93' lang='lat' dir='ltr'><strong>nihil</strong></span> <span class='ocrx_word' id='word_1_31' title='bbox 800 843 878 920; x_wconf 90' lang='lat' dir='ltr'><strong>est;</strong></span> <span class='ocrx_word' id='word_1_32' title='bbox 904 857 1048 908; x_wconf 88' lang='lat' dir='ltr'><strong>necesse</strong></span> <span class='ocrx_word' id='word_1_33' title='bbox 1065 834 1162 906; x_wconf 91' lang='lat' dir='ltr'><strong>enim</strong></span> <span class='ocrx_word' id='word_1_34' title='bbox 1178 843 1247 920; x_wconf 87' lang='lat' dir='ltr'><strong>est,</strong></span> <span class='ocrx_word' id='word_1_35' title='bbox 1263 832 1354 904; x_wconf 84' lang='lat' dir='ltr'><strong>talia</strong></span> <span class='ocrx_word' id='word_1_36' title='bbox 1369 833 1436 904; x_wconf 89' lang='lat' dir='ltr'><strong>suh</strong></span> 
     </span>
     <span class='ocr_line' id='line_1_6' title="bbox 333 950 1437 1044; baseline -0.001 -23"><span class='ocrx_word' id='word_1_37' title='bbox 333 952 444 1023; x_wconf 91' lang='lat' dir='ltr'><strong>initiis</strong></span> <span class='ocrx_word' id='word_1_38' title='bbox 460 951 614 1023; x_wconf 83' lang='lat' dir='ltr'><strong>evenire.</strong></span> <span class='ocrx_word' id='word_1_39' title='bbox 649 950 777 1023; x_wconf 86' lang='lat' dir='ltr'><strong>Simile</strong></span> <span class='ocrx_word' id='word_1_40' title='bbox 794 953 891 1022; x_wconf 93' lang='lat' dir='ltr'><strong>enim</strong></span> <span class='ocrx_word' id='word_1_41' title='bbox 909 961 974 1035; x_wconf 84' lang='lat' dir='ltr'><strong>est,</strong></span> <span class='ocrx_word' id='word_1_42' title='bbox 990 975 1033 1024; x_wconf 85' lang='lat' dir='ltr'><strong>ac</strong></span> <span class='ocrx_word' id='word_1_43' title='bbox 1049 954 1079 1022; x_wconf 90' lang='lat' dir='ltr'><strong>si</strong></span> <span class='ocrx_word' id='word_1_44' title='bbox 1096 953 1135 1023; x_wconf 90' lang='lat' dir='ltr'><strong>in</strong></span> <span class='ocrx_word' id='word_1_45' title='bbox 1151 952 1356 1044; x_wconf 86' lang='lat' dir='ltr'><strong>scriptione,</strong></span> <span class='ocrx_word' id='word_1_46' title='bbox 1373 957 1437 1021; x_wconf 88' lang='lat' dir='ltr'><strong>aut</strong></span> 
     </span>
     <span class='ocr_line' id='line_1_7' title="bbox 333 1066 1437 1163; baseline -0.002 -23"><span class='ocrx_word' id='word_1_47' title='bbox 333 1070 573 1163; x_wconf 80' lang='lat' dir='ltr'><strong>impressione,</strong></span> <span class='ocrx_word' id='word_1_48' title='bbox 591 1091 663 1140; x_wconf 84' lang='lat' dir='ltr'><strong>nna</strong></span> <span class='ocrx_word' id='word_1_49' title='bbox 684 1066 777 1140; x_wconf 84' lang='lat' dir='ltr'><strong>forte</strong></span> <span class='ocrx_word' id='word_1_50' title='bbox 802 1067 915 1153; x_wconf 84' lang='lat' dir='ltr'><strong>litera,</strong></span> <span class='ocrx_word' id='word_1_51' title='bbox 933 1076 997 1140; x_wconf 86' lang='lat' dir='ltr'><strong>ant</strong></span> <span class='ocrx_word' id='word_1_52' title='bbox 1021 1067 1144 1151; x_wconf 87' lang='lat' dir='ltr'><strong>altera,</strong></span> <span class='ocrx_word' id='word_1_53' title='bbox 1161 1089 1349 1162; x_wconf 73' lang='lat' dir='ltr'><strong>perperam</strong></span> <span class='ocrx_word' id='word_1_54' title='bbox 1373 1089 1437 1160; x_wconf 93' lang='lat' dir='ltr'><strong>po·</strong></span> 
     </span>
     <span class='ocr_line' id='line_1_8' title="bbox 333 1181 1436 1278; baseline -0.005 -22"><span class='ocrx_word' id='word_1_55' title='bbox 333 1185 402 1256; x_wconf 85' lang='lat' dir='ltr'><strong>sita</strong></span> <span class='ocrx_word' id='word_1_56' title='bbox 422 1191 487 1254; x_wconf 87' lang='lat' dir='ltr'><strong>aut</strong></span> <span class='ocrx_word' id='word_1_57' title='bbox 507 1181 681 1256; x_wconf 85' lang='lat' dir='ltr'><strong>collocata</strong></span> <span class='ocrx_word' id='word_1_58' title='bbox 702 1183 769 1265; x_wconf 84' lang='lat' dir='ltr'><strong>sit3</strong></span> <span class='ocrx_word' id='word_1_59' title='bbox 795 1182 833 1252; x_wconf 94' lang='lat' dir='ltr'><strong>id</strong></span> <span class='ocrx_word' id='word_1_60' title='bbox 850 1185 948 1254; x_wconf 91' lang='lat' dir='ltr'><strong>enim</strong></span> <span class='ocrx_word' id='word_1_61' title='bbox 974 1183 1156 1278; x_wconf 89' lang='lat' dir='ltr'><strong>legentem</strong></span> <span class='ocrx_word' id='word_1_62' title='bbox 1180 1205 1255 1254; x_wconf 92' lang='lat' dir='ltr'><strong>nou</strong></span> <span class='ocrx_word' id='word_1_63' title='bbox 1279 1181 1436 1252; x_wconf 82' lang='lat' dir='ltr'><strong>multum</strong></span> 
     </span>
     <span class='ocr_line' id='line_1_9' title="bbox 333 1297 1439 1393; baseline -0.001 -23"><span class='ocrx_word' id='word_1_64' title='bbox 333 1299 507 1393; x_wconf 88' lang='lat' dir='ltr'><strong>impedire</strong></span> <span class='ocrx_word' id='word_1_65' title='bbox 533 1297 634 1381; x_wconf 92' lang='lat' dir='ltr'><strong>solet,</strong></span> <span class='ocrx_word' id='word_1_66' title='bbox 652 1297 945 1392; x_wconf 81' lang='lat' dir='ltr'><strong>quandoquidem</strong></span> <span class='ocrx_word' id='word_1_67' title='bbox 962 1310 1079 1371; x_wconf 85' lang='lat' dir='ltr'><strong>errata</strong></span> <span class='ocrx_word' id='word_1_68' title='bbox 1100 1298 1240 1392; x_wconf 88' lang='lat' dir='ltr'><strong>abipso</strong></span> <span class='ocrx_word' id='word_1_69' title='bbox 1262 1321 1368 1370; x_wconf 89' lang='lat' dir='ltr'><strong>sensu</strong></span> <span class='ocrx_word' id='word_1_70' title='bbox 1387 1298 1439 1369; x_wconf 77' lang='lat' dir='ltr'><strong>fa·</strong></span> 
     </span>
     <span class='ocr_line' id='line_1_10' title="bbox 334 1412 1439 1510; baseline -0.003 -24"><span class='ocrx_word' id='word_1_71' title='bbox 334 1416 405 1488; x_wconf 91' lang='lat' dir='ltr'><strong>cile</strong></span> <span class='ocrx_word' id='word_1_72' title='bbox 422 1417 657 1510; x_wconf 85' lang='lat' dir='ltr'><strong>corriguntur.</strong></span> <span class='ocrx_word' id='word_1_73' title='bbox 696 1412 755 1485; x_wconf 85' lang='lat' dir='ltr'><strong>Itu</strong></span> <span class='ocrx_word' id='word_1_74' title='bbox 769 1415 882 1486; x_wconf 84' lang='lat' dir='ltr'><strong>etiem</strong></span> <span class='ocrx_word' id='word_1_75' title='bbox 899 1415 1061 1510; x_wconf 77' lang='lat' dir='ltr'><strong>cogitent</strong></span> <span class='ocrx_word' id='word_1_76' title='bbox 1077 1414 1250 1497; x_wconf 88' lang='lat' dir='ltr'><strong>homines,</strong></span> <span class='ocrx_word' id='word_1_77' title='bbox 1266 1413 1386 1484; x_wconf 84' lang='lat' dir='ltr'><strong>multa</strong></span> <span class='ocrx_word' id='word_1_78' title='bbox 1400 1414 1439 1483; x_wconf 93' lang='lat' dir='ltr'><strong>in</strong></span> 
     </span>
     <span class='ocr_line' id='line_1_11' title="bbox 333 1529 1439 1623; baseline -0.002 -21"><span class='ocrx_word' id='word_1_79' title='bbox 333 1531 481 1602; x_wconf 91' lang='lat' dir='ltr'><strong>historia</strong></span> <span class='ocrx_word' id='word_1_80' title='bbox 496 1529 649 1602; x_wconf 77' lang='lat' dir='ltr'><strong>netrnali</strong></span> <span class='ocrx_word' id='word_1_81' title='bbox 667 1531 917 1622; x_wconf 87' lang='lat' dir='ltr'><strong>experimenta</strong></span> <span class='ocrx_word' id='word_1_82' title='bbox 932 1531 1022 1602; x_wconf 80' lang='lat' dir='ltr'><strong>falso</strong></span> <span class='ocrx_word' id='word_1_83' title='bbox 1033 1531 1131 1602; x_wconf 83' lang='lat' dir='ltr'><strong>credi</strong></span> <span class='ocrx_word' id='word_1_84' title='bbox 1145 1539 1185 1604; x_wconf 90' lang='lat' dir='ltr'><strong>et</strong></span> <span class='ocrx_word' id='word_1_85' title='bbox 1196 1530 1308 1622; x_wconf 79' lang='lat' dir='ltr'><strong>recipi</strong></span> <span class='ocrx_word' id='word_1_86' title='bbox 1319 1549 1439 1623; x_wconf 59' lang='lat' dir='ltr'><strong>pom</strong></span> 
     </span>
     <span class='ocr_line' id='line_1_12' title="bbox 336 1642 1440 1738; baseline -0.003 -22"><span class='ocrx_word' id='word_1_87' title='bbox 336 1669 413 1738; x_wconf 81' lang='lat' dir='ltr'><strong>quae</strong></span> <span class='ocrx_word' id='word_1_88' title='bbox 429 1642 537 1737; x_wconf 87' lang='lat' dir='ltr'><strong>panio</strong></span> <span class='ocrx_word' id='word_1_89' title='bbox 552 1651 635 1736; x_wconf 85' lang='lat' dir='ltr'><strong>post</strong></span> <span class='ocrx_word' id='word_1_90' title='bbox 651 1665 673 1714; x_wconf 85' lang='lat' dir='ltr'><strong>e</strong></span> <span class='ocrx_word' id='word_1_91' title='bbox 689 1645 803 1716; x_wconf 71' lang='lat' dir='ltr'><strong>musis</strong></span> <span class='ocrx_word' id='word_1_92' title='bbox 826 1653 864 1717; x_wconf 89' lang='lat' dir='ltr'><strong>et</strong></span> <span class='ocrx_word' id='word_1_93' title='bbox 886 1646 1126 1717; x_wconf 75' lang='lat' dir='ltr'><strong>axiomatibus</strong></span> <span class='ocrx_word' id='word_1_94' title='bbox 1150 1645 1307 1716; x_wconf 80' lang='lat' dir='ltr'><strong>inventis</strong></span> <span class='ocrx_word' id='word_1_95' title='bbox 1333 1643 1440 1714; x_wconf 82' lang='lat' dir='ltr'><strong>focile</strong></span> 
     </span>
     <span class='ocr_line' id='line_1_13' title="bbox 336 1761 1439 1855; baseline -0.004 -21"><span class='ocrx_word' id='word_1_96' title='bbox 336 1769 591 1855; x_wconf 85' lang='lat' dir='ltr'><strong>expunguntur</strong></span> <span class='ocrx_word' id='word_1_97' title='bbox 613 1767 651 1830; x_wconf 91' lang='lat' dir='ltr'><strong>et</strong></span> <span class='ocrx_word' id='word_1_98' title='bbox 676 1761 896 1853; x_wconf 87' lang='lat' dir='ltr'><strong>rejiciuntur.</strong></span> <span class='ocrx_word' id='word_1_99' title='bbox 947 1761 1018 1832; x_wconf 84' lang='lat' dir='ltr'><strong>Sed</strong></span> <span class='ocrx_word' id='word_1_100' title='bbox 1044 1773 1165 1834; x_wconf 87' lang='lat' dir='ltr'><strong>tamen</strong></span> <span class='ocrx_word' id='word_1_101' title='bbox 1182 1784 1308 1833; x_wconf 83' lang='lat' dir='ltr'><strong>verum</strong></span> <span class='ocrx_word' id='word_1_102' title='bbox 1325 1761 1439 1844; x_wconf 72' lang='lat' dir='ltr'><strong>oetsi</strong></span> 
     </span>
     <span class='ocr_line' id='line_1_14' title="bbox 335 1875 1441 1974; baseline -0.002 -24"><span class='ocrx_word' id='word_1_103' title='bbox 335 1880 374 1950; x_wconf 92' lang='lat' dir='ltr'><strong>in</strong></span> <span class='ocrx_word' id='word_1_104' title='bbox 396 1875 543 1948; x_wconf 90' lang='lat' dir='ltr'><strong>historia</strong></span> <span class='ocrx_word' id='word_1_105' title='bbox 567 1875 732 1959; x_wconf 78' lang='lat' dir='ltr'><strong>naturali,</strong></span> <span class='ocrx_word' id='word_1_106' title='bbox 749 1885 788 1948; x_wconf 91' lang='lat' dir='ltr'><strong>et</strong></span> <span class='ocrx_word' id='word_1_107' title='bbox 810 1879 1077 1970; x_wconf 83' lang='lat' dir='ltr'><strong>experimentis,</strong></span> <span class='ocrx_word' id='word_1_108' title='bbox 1094 1901 1233 1974; x_wconf 87' lang='lat' dir='ltr'><strong>magua,</strong></span> <span class='ocrx_word' id='word_1_109' title='bbox 1251 1887 1291 1950; x_wconf 89' lang='lat' dir='ltr'><strong>et</strong></span> <span class='ocrx_word' id='word_1_110' title='bbox 1305 1877 1441 1960; x_wconf 82' lang='lat' dir='ltr'><strong>crebra,</strong></span> 
     </span>
     <span class='ocr_line' id='line_1_15' title="bbox 336 1983 1442 2091; baseline -0.003 -24"><span class='ocrx_word' id='word_1_111' title='bbox 336 2003 375 2068; x_wconf 92' lang='lat' dir='ltr'><strong>et</strong></span> <span class='ocrx_word' id='word_1_112' title='bbox 397 1994 568 2064; x_wconf 86' lang='lat' dir='ltr'><strong>continua</strong></span> <span class='ocrx_word' id='word_1_113' title='bbox 590 1991 725 2063; x_wconf 84' lang='lat' dir='ltr'><strong>fuerint</strong></span> <span class='ocrx_word' id='word_1_114' title='bbox 747 2001 871 2077; x_wconf 77' lang='lat' dir='ltr'><strong>encta,</strong></span> <span class='ocrx_word' id='word_1_115' title='bbox 895 1992 958 2065; x_wconf 83' lang='lat' dir='ltr'><strong>ille</strong></span> <span class='ocrx_word' id='word_1_116' title='bbox 982 1994 1082 2067; x_wconf 83' lang='lat' dir='ltr'><strong>nullo</strong></span> <span class='ocrx_word' id='word_1_117' title='bbox 1106 1997 1241 2091; x_wconf 88' lang='lat' dir='ltr'><strong>ingenii</strong></span> <span class='ocrx_word' id='word_1_118' title='bbox 1266 1983 1331 2066; x_wconf 87' lang='lat' dir='ltr'><strong>aut</strong></span> <span class='ocrx_word' id='word_1_119' title='bbox 1356 1995 1442 2064; x_wconf 88' lang='lat' dir='ltr'><strong>artis</strong></span> 
     </span>
     <span class='ocr_line' id='line_1_16' title="bbox 337 2108 1443 2205; baseline -0.001 -23"><span class='ocrx_word' id='word_1_120' title='bbox 337 2110 509 2182; x_wconf 82' lang='lat' dir='ltr'><strong>felicitate</strong></span> <span class='ocrx_word' id='word_1_121' title='bbox 526 2108 653 2203; x_wconf 85' lang='lat' dir='ltr'><strong>corrigi</strong></span> <span class='ocrx_word' id='word_1_122' title='bbox 670 2116 735 2179; x_wconf 89' lang='lat' dir='ltr'><strong>aut</strong></span> <span class='ocrx_word' id='word_1_123' title='bbox 750 2110 931 2181; x_wconf 88' lang='lat' dir='ltr'><strong>emendari</strong></span> <span class='ocrx_word' id='word_1_124' title='bbox 948 2133 1061 2202; x_wconf 88' lang='lat' dir='ltr'><strong>posse.</strong></span> <span class='ocrx_word' id='word_1_125' title='bbox 1114 2111 1244 2205; x_wconf 84' lang='lat' dir='ltr'><strong>Itaque</strong></span> <span class='ocrx_word' id='word_1_126' title='bbox 1264 2111 1354 2183; x_wconf 87' lang='lat' dir='ltr'><strong>siin</strong></span> <span class='ocrx_word' id='word_1_127' title='bbox 1369 2111 1443 2181; x_wconf 86' lang='lat' dir='ltr'><strong>his·</strong></span> 
     </span>
     <span class='ocr_line' id='line_1_17' title="bbox 337 2223 1443 2323; baseline -0.001 -24"><span class='ocrx_word' id='word_1_128' title='bbox 337 2229 429 2299; x_wconf 85' lang='lat' dir='ltr'><strong>toria</strong></span> <span class='ocrx_word' id='word_1_129' title='bbox 444 2233 566 2298; x_wconf 84' lang='lat' dir='ltr'><strong>nostre</strong></span> <span class='ocrx_word' id='word_1_130' title='bbox 581 2223 746 2309; x_wconf 81' lang='lat' dir='ltr'><strong>naturali,</strong></span> <span class='ocrx_word' id='word_1_131' title='bbox 759 2247 841 2317; x_wconf 86' lang='lat' dir='ltr'><strong>quae</strong></span> <span class='ocrx_word' id='word_1_132' title='bbox 854 2233 957 2297; x_wconf 85' lang='lat' dir='ltr'><strong>tante</strong></span> <span class='ocrx_word' id='word_1_133' title='bbox 974 2226 1168 2323; x_wconf 88' lang='lat' dir='ltr'><strong>diligentia,</strong></span> <span class='ocrx_word' id='word_1_134' title='bbox 1185 2236 1223 2299; x_wconf 90' lang='lat' dir='ltr'><strong>et</strong></span> <span class='ocrx_word' id='word_1_135' title='bbox 1239 2228 1443 2310; x_wconf 82' lang='lat' dir='ltr'><strong>severitate,</strong></span> 
     </span>
     <span class='ocr_line' id='line_1_18' title="bbox 336 2339 1443 2438; baseline -0.001 -23"><span class='ocrx_word' id='word_1_136' title='bbox 336 2353 375 2415; x_wconf 90' lang='lat' dir='ltr'><strong>et</strong></span> <span class='ocrx_word' id='word_1_137' title='bbox 392 2342 467 2414; x_wconf 84' lang='lat' dir='ltr'><strong>fere</strong></span> <span class='ocrx_word' id='word_1_138' title='bbox 484 2339 655 2434; x_wconf 86' lang='lat' dir='ltr'><strong>religione</strong></span> <span class='ocrx_word' id='word_1_139' title='bbox 672 2339 821 2432; x_wconf 83' lang='lat' dir='ltr'><strong>probata</strong></span> <span class='ocrx_word' id='word_1_140' title='bbox 837 2349 876 2413; x_wconf 93' lang='lat' dir='ltr'><strong>et</strong></span> <span class='ocrx_word' id='word_1_141' title='bbox 892 2341 1043 2414; x_wconf 85' lang='lat' dir='ltr'><strong>collecta</strong></span> <span class='ocrx_word' id='word_1_142' title='bbox 1060 2353 1125 2428; x_wconf 83' lang='lat' dir='ltr'><strong>est,</strong></span> <span class='ocrx_word' id='word_1_143' title='bbox 1141 2343 1278 2438; x_wconf 86' lang='lat' dir='ltr'><strong>aliquid</strong></span> <span class='ocrx_word' id='word_1_144' title='bbox 1301 2343 1340 2414; x_wconf 93' lang='lat' dir='ltr'><strong>in</strong></span> <span class='ocrx_word' id='word_1_145' title='bbox 1364 2365 1443 2437; x_wconf 87' lang='lat' dir='ltr'><strong>par·</strong></span> 
     </span>
     <span class='ocr_line' id='line_1_19' title="bbox 337 2456 1441 2554; baseline 0 -23"><span class='ocrx_word' id='word_1_146' title='bbox 337 2458 545 2531; x_wconf 84' lang='lat' dir='ltr'><strong>ticularibue</strong></span> <span class='ocrx_word' id='word_1_147' title='bbox 562 2456 773 2550; x_wconf 83' lang='lat' dir='ltr'><strong>quandoque</strong></span> <span class='ocrx_word' id='word_1_148' title='bbox 791 2457 905 2530; x_wconf 87' lang='lat' dir='ltr'><strong>subsit</strong></span> <span class='ocrx_word' id='word_1_149' title='bbox 922 2456 1098 2545; x_wconf 85' lang='lat' dir='ltr'><strong>falsitatis,</strong></span> <span class='ocrx_word' id='word_1_150' title='bbox 1111 2469 1175 2532; x_wconf 89' lang='lat' dir='ltr'><strong>aut</strong></span> <span class='ocrx_word' id='word_1_151' title='bbox 1191 2463 1336 2544; x_wconf 83' lang='lat' dir='ltr'><strong>erroris3</strong></span> <span class='ocrx_word' id='word_1_152' title='bbox 1355 2460 1441 2554; x_wconf 90' lang='lat' dir='ltr'><strong>qnid</strong></span> 
     </span>
    </p>
   </div>
   <div class='ocr_carea' id='block_1_3' title="bbox 338 2571 1444 3110">
    <p class='ocr_par' dir='ltr' id='par_1_3' title="bbox 338 2571 1444 3110">
     <span class='ocr_line' id='line_1_20' title="bbox 338 2571 1444 2671; baseline 0.003 -26"><span class='ocrx_word' id='word_1_153' title='bbox 338 2575 485 2646; x_wconf 89' lang='lat' dir='ltr'><strong>tandem</strong></span> <span class='ocrx_word' id='word_1_154' title='bbox 512 2572 557 2644; x_wconf 89' lang='lat' dir='ltr'><strong>de</strong></span> <span class='ocrx_word' id='word_1_155' title='bbox 585 2571 736 2644; x_wconf 85' lang='lat' dir='ltr'><strong>naturali</strong></span> <span class='ocrx_word' id='word_1_156' title='bbox 765 2573 913 2646; x_wconf 88' lang='lat' dir='ltr'><strong>historia</strong></span> <span class='ocrx_word' id='word_1_157' title='bbox 941 2575 1087 2671; x_wconf 85' lang='lat' dir='ltr'><strong>vulgari,</strong></span> <span class='ocrx_word' id='word_1_158' title='bbox 1115 2600 1193 2670; x_wconf 83' lang='lat' dir='ltr'><strong>qnae</strong></span> <span class='ocrx_word' id='word_1_159' title='bbox 1219 2600 1292 2671; x_wconf 84' lang='lat' dir='ltr'><strong>prae</strong></span> <span class='ocrx_word' id='word_1_160' title='bbox 1321 2587 1444 2648; x_wconf 86' lang='lat' dir='ltr'><strong>nostra</strong></span> 
     </span>
     <span class='ocr_line' id='line_1_21' title="bbox 338 2689 1444 2785; baseline 0.003 -25"><span class='ocrx_word' id='word_1_161' title='bbox 338 2701 415 2768; x_wconf 81' lang='lat' dir='ltr'><strong>tam</strong></span> <span class='ocrx_word' id='word_1_162' title='bbox 432 2689 614 2784; x_wconf 82' lang='lat' dir='ltr'><strong>negligens</strong></span> <span class='ocrx_word' id='word_1_163' title='bbox 631 2697 687 2760; x_wconf 89' lang='lat' dir='ltr'><strong>est</strong></span> <span class='ocrx_word' id='word_1_164' title='bbox 703 2697 742 2762; x_wconf 91' lang='lat' dir='ltr'><strong>et</strong></span> <span class='ocrx_word' id='word_1_165' title='bbox 758 2689 882 2775; x_wconf 84' lang='lat' dir='ltr'><strong>facilis,</strong></span> <span class='ocrx_word' id='word_1_166' title='bbox 900 2691 1093 2763; x_wconf 89' lang='lat' dir='ltr'><strong>dicendum</strong></span> <span class='ocrx_word' id='word_1_167' title='bbox 1110 2694 1203 2766; x_wconf 81' lang='lat' dir='ltr'><strong>eritl</strong></span> <span class='ocrx_word' id='word_1_168' title='bbox 1220 2701 1284 2765; x_wconf 87' lang='lat' dir='ltr'><strong>aut</strong></span> <span class='ocrx_word' id='word_1_169' title='bbox 1302 2693 1349 2764; x_wconf 91' lang='lat' dir='ltr'><strong>de</strong></span> <span class='ocrx_word' id='word_1_170' title='bbox 1366 2692 1444 2785; x_wconf 91' lang='lat' dir='ltr'><strong>phi·</strong></span> 
     </span>
     <span class='ocr_line' id='line_1_22' title="bbox 338 2806 1444 2903; baseline 0.002 -25"><span class='ocrx_word' id='word_1_171' title='bbox 338 2806 500 2900; x_wconf 82' lang='lat' dir='ltr'><strong>losophia</strong></span> <span class='ocrx_word' id='word_1_172' title='bbox 514 2817 553 2877; x_wconf 89' lang='lat' dir='ltr'><strong>et</strong></span> <span class='ocrx_word' id='word_1_173' title='bbox 571 2806 727 2876; x_wconf 78' lang='lat' dir='ltr'><strong>scientiis</strong></span> <span class='ocrx_word' id='word_1_174' title='bbox 743 2828 849 2899; x_wconf 91' lang='lat' dir='ltr'><strong>super</strong></span> <span class='ocrx_word' id='word_1_175' title='bbox 864 2806 1069 2901; x_wconf 87' lang='lat' dir='ltr'><strong>hujusmodi</strong></span> <span class='ocrx_word' id='word_1_176' title='bbox 1092 2831 1215 2882; x_wconf 88' lang='lat' dir='ltr'><strong>arenas</strong></span> <span class='ocrx_word' id='word_1_177' title='bbox 1234 2809 1308 2900; x_wconf 85' lang='lat' dir='ltr'><strong>(vel</strong></span> <span class='ocrx_word' id='word_1_178' title='bbox 1331 2819 1444 2903; x_wconf 71' lang='lat' dir='ltr'><strong>syrtoe</strong></span> 
     </span>
     <span class='ocr_line' id='line_1_23' title="bbox 338 2920 1444 3017; baseline 0.004 -24"><span class='ocrx_word' id='word_1_179' title='bbox 338 2922 473 3016; x_wconf 89' lang='lat' dir='ltr'><strong>potius)</strong></span> <span class='ocrx_word' id='word_1_180' title='bbox 491 2921 694 2994; x_wconf 72' lang='lat' dir='ltr'><strong>aeffifiotist</strong></span> <span class='ocrx_word' id='word_1_181' title='bbox 722 2920 851 3016; x_wconf 85' lang='lat' dir='ltr'><strong>ltaque</strong></span> <span class='ocrx_word' id='word_1_182' title='bbox 867 2923 946 3006; x_wconf 93' lang='lat' dir='ltr'><strong>hoc,</strong></span> <span class='ocrx_word' id='word_1_183' title='bbox 964 2926 1060 3017; x_wconf 85' lang='lat' dir='ltr'><strong>quod</strong></span> <span class='ocrx_word' id='word_1_184' title='bbox 1076 2925 1243 3009; x_wconf 86' lang='lat' dir='ltr'><strong>diximus,</strong></span> <span class='ocrx_word' id='word_1_185' title='bbox 1260 2928 1444 2998; x_wconf 93' lang='lat' dir='ltr'><strong>neminem</strong></span> 
     </span>
     <span class='ocr_line' id='line_1_24' title="bbox 340 3035 527 3110; baseline 0.011 -2"><span class='ocrx_word' id='word_1_186' title='bbox 340 3035 527 3110; x_wconf 64' lang='lat' dir='ltr'><strong>moveat-¹³³.</strong></span> 
     </span>
    </p>
   </div>
   <div class='ocr_carea' id='block_1_4' title="bbox 392 3137 1446 3334">
    <p class='ocr_par' dir='ltr' id='par_1_4' title="bbox 392 3137 1446 3334">
     <span class='ocr_line' id='line_1_25' title="bbox 392 3137 1446 3334; baseline 0.002 -24"><span class='ocrx_word' id='word_1_187' title='bbox 392 3236 592 3312; x_wconf 88' lang='lat' dir='ltr'><strong>Occurrent</strong></span> <span class='ocrx_word' id='word_1_188' title='bbox 613 3239 724 3311; x_wconf 86' lang='lat' dir='ltr'><strong>etiem</strong></span> <span class='ocrx_word' id='word_1_189' title='bbox 748 3242 785 3310; x_wconf 95' lang='lat' dir='ltr'><strong>in</strong></span> <span class='ocrx_word' id='word_1_190' title='bbox 807 3137 963 3310; x_wconf 45' lang='grc' dir='ltr'><strong>851(οῇ</strong></span> <span class='ocrx_word' id='word_1_191' title='bbox 983 3249 1104 3312; x_wconf 87' lang='lat' dir='ltr'><strong>nostre</strong></span> <span class='ocrx_word' id='word_1_192' title='bbox 1126 3249 1165 3312; x_wconf 92' lang='lat' dir='ltr'><strong>et</strong></span> <span class='ocrx_word' id='word_1_193' title='bbox 1187 3243 1446 3334; x_wconf 87' lang='lat' dir='ltr'><strong>experimentis</strong></span> 
     </span>
    </p>
   </div>
   <div class='ocr_carea' id='block_1_5' title="bbox 341 3408 1448 3718">
    <p class='ocr_par' dir='ltr' id='par_1_5' title="bbox 341 3408 1448 3718">
     <span class='ocr_line' id='line_1_26' title="bbox 377 3408 1448 3483; baseline 0.001 -17"><span class='ocrx_word' id='word_1_194' title='bbox 377 3408 874 3468; x_wconf 62' lang='lat' dir='ltr'><strong>”mneviecaxmmendad-</strong></span> <span class='ocrx_word' id='word_1_195' title='bbox 914 3411 1448 3483; x_wconf 79' lang='lat' dir='ltr'><strong>toaeceptthcgood,andtoeliminats</strong></span> 
     </span>
     <span class='ocr_line' id='line_1_27' title="bbox 341 3486 1447 3560; baseline 0 -14"><span class='ocrx_word' id='word_1_196' title='bbox 341 3490 476 3546; x_wconf 79' lang='lat' dir='ltr'><strong>minlstcrs</strong></span> <span class='ocrx_word' id='word_1_197' title='bbox 497 3507 514 3543; x_wconf 86' lang='lat' dir='ltr'><strong>a</strong></span> <span class='ocrx_word' id='word_1_198' title='bbox 536 3488 641 3551; x_wconf 77' lang='lat' dir='ltr'><strong>rebukc</strong></span> <span class='ocrx_word' id='word_1_199' title='bbox 658 3497 687 3543; x_wconf 89' lang='lat' dir='ltr'><strong>to</strong></span> <span class='ocrx_word' id='word_1_200' title='bbox 710 3486 778 3542; x_wconf 86' lang='lat' dir='ltr'><strong>such</strong></span> <span class='ocrx_word' id='word_1_201' title='bbox 797 3505 876 3560; x_wconf 79' lang='lat' dir='ltr'><strong>sager</strong></span> <span class='ocrx_word' id='word_1_202' title='bbox 915 3487 961 3542; x_wconf 81' lang='lat' dir='ltr'><strong>the</strong></span> <span class='ocrx_word' id='word_1_203' title='bbox 981 3489 1062 3544; x_wconf 81' lang='lat' dir='ltr'><strong>laults</strong></span> <span class='ocrx_word' id='word_1_204' title='bbox 1083 3490 1115 3544; x_wconf 84' lang='lat' dir='ltr'><strong>oi</strong></span> <span class='ocrx_word' id='word_1_205' title='bbox 1132 3491 1167 3544; x_wconf 87' lang='lat' dir='ltr'><strong>all</strong></span> <span class='ocrx_word' id='word_1_206' title='bbox 1187 3490 1249 3545; x_wconf 80' lang='lat' dir='ltr'><strong>who</strong></span> <span class='ocrx_word' id='word_1_207' title='bbox 1268 3489 1338 3546; x_wconf 80' lang='lat' dir='ltr'><strong>hare</strong></span> <span class='ocrx_word' id='word_1_208' title='bbox 1358 3491 1447 3546; x_wconf 74' lang='lat' dir='ltr'><strong>before</strong></span> 
     </span>
     <span class='ocr_line' id='line_1_28' title="bbox 343 3565 1447 3632; baseline 0.002 -9"><span class='ocrx_word' id='word_1_209' title='bbox 343 3568 431 3623; x_wconf 79' lang='lat' dir='ltr'><strong>critico</strong></span> <span class='ocrx_word' id='word_1_210' title='bbox 455 3585 485 3621; x_wconf 86' lang='lat' dir='ltr'><strong>as</strong></span> <span class='ocrx_word' id='word_1_211' title='bbox 509 3567 548 3620; x_wconf 72' lang='lat' dir='ltr'><strong>le</strong></span> <span class='ocrx_word' id='word_1_212' title='bbox 571 3566 693 3621; x_wconf 85' lang='lat' dir='ltr'><strong>Maistre.</strong></span> <span class='ocrx_word' id='word_1_213' title='bbox 729 3565 782 3621; x_wconf 84' lang='lat' dir='ltr'><strong>We</strong></span> <span class='ocrx_word' id='word_1_214' title='bbox 805 3566 876 3621; x_wconf 89' lang='lat' dir='ltr'><strong>shall</strong></span> <span class='ocrx_word' id='word_1_215' title='bbox 915 3565 1036 3632; x_wconf 60' lang='lat' dir='ltr'><strong>written</strong></span> <span class='ocrx_word' id='word_1_216' title='bbox 1054 3567 1107 3623; x_wconf 88' lang='lat' dir='ltr'><strong>and</strong></span> <span class='ocrx_word' id='word_1_217' title='bbox 1120 3569 1286 3624; x_wconf 78' lang='lat' dir='ltr'><strong>soitcomes</strong></span> <span class='ocrx_word' id='word_1_218' title='bbox 1301 3569 1361 3624; x_wconf 83' lang='lat' dir='ltr'><strong>that</strong></span> <span class='ocrx_word' id='word_1_219' title='bbox 1376 3579 1447 3624; x_wconf 75' lang='lat' dir='ltr'><strong>most</strong></span> 
     </span>
     <span class='ocr_line' id='line_1_29' title="bbox 343 3645 1448 3718; baseline 0 -16"><span class='ocrx_word' id='word_1_220' title='bbox 343 3647 420 3709; x_wconf 83' lang='lat' dir='ltr'><strong>have,</strong></span> <span class='ocrx_word' id='word_1_221' title='bbox 431 3645 463 3700; x_wconf 85' lang='lat' dir='ltr'><strong>ol</strong></span> <span class='ocrx_word' id='word_1_222' title='bbox 477 3661 580 3704; x_wconf 80' lang='lat' dir='ltr'><strong>course.</strong></span> <span class='ocrx_word' id='word_1_223' title='bbox 593 3654 623 3699; x_wconf 85' lang='lat' dir='ltr'><strong>to</strong></span> <span class='ocrx_word' id='word_1_224' title='bbox 635 3645 723 3700; x_wconf 82' lang='lat' dir='ltr'><strong>notice</strong></span> <span class='ocrx_word' id='word_1_225' title='bbox 738 3645 876 3700; x_wconf 71' lang='lat' dir='ltr'><strong>mhnual</strong></span> <span class='ocrx_word' id='word_1_226' title='bbox 916 3645 1004 3700; x_wconf 78' lang='lat' dir='ltr'><strong>worlr</strong></span> <span class='ocrx_word' id='word_1_227' title='bbox 1022 3663 1059 3701; x_wconf 93' lang='lat' dir='ltr'><strong>on</strong></span> <span class='ocrx_word' id='word_1_228' title='bbox 1072 3645 1183 3718; x_wconf 74' lang='lat' dir='ltr'><strong>l’h5sicr</strong></span> <span class='ocrx_word' id='word_1_229' title='bbox 1199 3664 1245 3702; x_wconf 80' lang='lat' dir='ltr'><strong>arc</strong></span> <span class='ocrx_word' id='word_1_230' title='bbox 1261 3647 1383 3703; x_wconf 72' lang='lat' dir='ltr'><strong>obsolute</strong></span> <span class='ocrx_word' id='word_1_231' title='bbox 1393 3649 1448 3704; x_wconf 80' lang='lat' dir='ltr'><strong>ius</strong></span> 
     </span>
    </p>
   </div>
   <div class='ocr_carea' id='block_1_6' title="bbox 343 3695 1589 3798">
    <p class='ocr_par' dir='ltr' id='par_1_6' title="bbox 343 3695 1589 3798">
     <span class='ocr_line' id='line_1_30' title="bbox 343 3695 1589 3798; baseline 0.003 -20"><span class='ocrx_word' id='word_1_232' title='bbox 343 3739 431 3778; x_wconf 67' lang='lat' dir='ltr'><strong>mn</strong></span> <span class='ocrx_word' id='word_1_233' title='bbox 447 3723 478 3777; x_wconf 68' lang='lat' dir='ltr'><strong>in</strong></span> <span class='ocrx_word' id='word_1_234' title='bbox 496 3721 612 3777; x_wconf 63' lang='lat' dir='ltr'><strong>eamn·</strong></span> <span class='ocrx_word' id='word_1_235' title='bbox 631 3722 755 3794; x_wconf 63' lang='lat' dir='ltr'><strong>Physica</strong></span> <span class='ocrx_word' id='word_1_236' title='bbox 774 3723 874 3778; x_wconf 67' lang='lat' dir='ltr'><strong>mow-</strong></span> <span class='ocrx_word' id='word_1_237' title='bbox 902 3723 966 3778; x_wconf 65' lang='lat' dir='ltr'><strong>ev</strong></span> <span class='ocrx_word' id='word_1_238' title='bbox 983 3741 1069 3795; x_wconf 58' lang='grc' dir='ltr'><strong>μη.</strong></span> <span class='ocrx_word' id='word_1_239' title='bbox 1105 3724 1160 3780; x_wconf 65' lang='lat' dir='ltr'><strong>nur</strong></span> <span class='ocrx_word' id='word_1_240' title='bbox 1178 3725 1200 3780; x_wconf 77' lang='lat' dir='ltr'><strong>c</strong></span> <span class='ocrx_word' id='word_1_241' title='bbox 1217 3727 1241 3782; x_wconf 81' lang='lat' dir='ltr'><strong>i·</strong></span> <span class='ocrx_word' id='word_1_242' title='bbox 1260 3725 1308 3780; x_wconf 68' lang='lat' dir='ltr'><strong>tls</strong></span> <span class='ocrx_word' id='word_1_243' title='bbox 1325 3728 1404 3798; x_wconf 62' lang='grc' dir='ltr'><strong>ψη</strong></span> <span class='ocrx_word' id='word_1_244' title='bbox 1420 3725 1450 3781; x_wconf 71' lang='lat' dir='ltr'><strong>e</strong></span> <span class='ocrx_word' id='word_1_245' title='bbox 1588 3695 1589 3726; x_wconf 60' lang='lat'>¹</span> 
     </span>
    </p>
   </div>
   <div class='ocr_carea' id='block_1_7' title="bbox 344 3799 1448 3877">
    <p class='ocr_par' dir='ltr' id='par_1_7' title="bbox 344 3799 1448 3877">
     <span class='ocr_line' id='line_1_31' title="bbox 344 3799 1448 3877; baseline 0.006 -23"><span class='ocrx_word' id='word_1_246' title='bbox 344 3799 447 3871; x_wconf 62' lang='lat' dir='ltr'><strong>ledgee</strong></span> <span class='ocrx_word' id='word_1_247' title='bbox 473 3817 560 3854; x_wconf 83' lang='lat' dir='ltr'><strong>errore</strong></span> <span class='ocrx_word' id='word_1_248' title='bbox 582 3799 670 3855; x_wconf 78' lang='lat' dir='ltr'><strong>which</strong></span> <span class='ocrx_word' id='word_1_249' title='bbox 693 3811 723 3856; x_wconf 82' lang='lat' dir='ltr'><strong>to</strong></span> <span class='ocrx_word' id='word_1_250' title='bbox 746 3819 780 3857; x_wconf 89' lang='lat' dir='ltr'><strong>ns</strong></span> <span class='ocrx_word' id='word_1_251' title='bbox 803 3819 874 3856; x_wconf 85' lang='lat' dir='ltr'><strong>seem</strong></span> <span class='ocrx_word' id='word_1_252' title='bbox 915 3800 1448 3877; x_wconf 74' lang='lat' dir='ltr'><strong>thisworlrthatnoconrseolym</strong></span> 
     </span>
    </p>
   </div>
   <div class='ocr_carea' id='block_1_8' title="bbox 345 3877 1589 3952">
    <p class='ocr_par' dir='ltr' id='par_1_8' title="bbox 345 3877 1589 3952">
     <span class='ocr_line' id='line_1_32' title="bbox 345 3877 1589 3952; baseline 0.006 -20"><span class='ocrx_word' id='word_1_253' title='bbox 345 3877 875 3950; x_wconf 70' lang='lat' dir='ltr'><strong>suangehntinhisdaywerepardon-</strong></span> <span class='ocrx_word' id='word_1_254' title='bbox 916 3897 966 3935; x_wconf 81' lang='lat' dir='ltr'><strong>ean</strong></span> <span class='ocrx_word' id='word_1_255' title='bbox 983 3880 1079 3936; x_wconf 70' lang='lat' dir='ltr'><strong>nuder</strong></span> <span class='ocrx_word' id='word_1_256' title='bbox 1093 3883 1115 3937; x_wconf 90' lang='lat' dir='ltr'><strong>it</strong></span> <span class='ocrx_word' id='word_1_257' title='bbox 1128 3882 1256 3947; x_wconf 78' lang='lat' dir='ltr'><strong>obsoleto,</strong></span> <span class='ocrx_word' id='word_1_258' title='bbox 1267 3882 1323 3939; x_wconf 78' lang='lat' dir='ltr'><strong>and</strong></span> <span class='ocrx_word' id='word_1_259' title='bbox 1339 3884 1402 3939; x_wconf 81' lang='lat' dir='ltr'><strong>that</strong></span> <span class='ocrx_word' id='word_1_260' title='bbox 1419 3901 1448 3938; x_wconf 75' lang='lat' dir='ltr'><strong>a·</strong></span> <span class='ocrx_word' id='word_1_261' title='bbox 1588 3933 1589 3952; x_wconf 62' lang='lat'><strong>,</strong></span> 
     </span>
    </p>
   </div>
   <div class='ocr_carea' id='block_1_9' title="bbox 344 3955 1449 4348">
    <p class='ocr_par' dir='ltr' id='par_1_9' title="bbox 344 3955 1449 4348">
     <span class='ocr_line' id='line_1_33' title="bbox 345 3955 1448 4032; baseline 0.005 -21"><span class='ocrx_word' id='word_1_262' title='bbox 345 3957 413 4022; x_wconf 82' lang='lat' dir='ltr'><strong>able,</strong></span> <span class='ocrx_word' id='word_1_263' title='bbox 431 3955 486 4013; x_wconf 78' lang='lat' dir='ltr'><strong>anti</strong></span> <span class='ocrx_word' id='word_1_264' title='bbox 503 3957 656 4012; x_wconf 79' lang='lat' dir='ltr'><strong>sometimes</strong></span> <span class='ocrx_word' id='word_1_265' title='bbox 676 3958 876 4032; x_wconf 76' lang='lat' dir='ltr'><strong>praismrthy.</strong></span> <span class='ocrx_word' id='word_1_266' title='bbox 917 3957 1041 4029; x_wconf 74' lang='lat' dir='ltr'><strong>Phyaiol</strong></span> <span class='ocrx_word' id='word_1_267' title='bbox 1061 3959 1184 4017; x_wconf 80' lang='lat' dir='ltr'><strong>Seleucea</strong></span> <span class='ocrx_word' id='word_1_268' title='bbox 1208 3961 1331 4026; x_wconf 71' lang='lat' dir='ltr'><strong>eonfiat,</strong></span> <span class='ocrx_word' id='word_1_269' title='bbox 1352 3964 1375 4018; x_wconf 84' lang='lat' dir='ltr'><strong>it</strong></span> <span class='ocrx_word' id='word_1_270' title='bbox 1397 3963 1448 4016; x_wconf 73' lang='lat' dir='ltr'><strong>vill</strong></span> 
     </span>
     <span class='ocr_line' id='line_1_34' title="bbox 345 4034 1449 4112; baseline 0.005 -22"><span class='ocrx_word' id='word_1_271' title='bbox 345 4035 469 4091; x_wconf 82' lang='lat' dir='ltr'><strong>—lhcsc</strong></span> <span class='ocrx_word' id='word_1_272' title='bbox 484 4052 572 4091; x_wconf 82' lang='lat' dir='ltr'><strong>errore</strong></span> <span class='ocrx_word' id='word_1_273' title='bbox 589 4053 626 4090; x_wconf 89' lang='lat' dir='ltr'><strong>no</strong></span> <span class='ocrx_word' id='word_1_274' title='bbox 646 4034 707 4090; x_wconf 81' lang='lat' dir='ltr'><strong>how</strong></span> <span class='ocrx_word' id='word_1_275' title='bbox 725 4038 816 4092; x_wconf 79' lang='lat' dir='ltr'><strong>vitiato</strong></span> <span class='ocrx_word' id='word_1_276' title='bbox 833 4038 876 4092; x_wconf 86' lang='lat' dir='ltr'><strong>his</strong></span> <span class='ocrx_word' id='word_1_277' title='bbox 915 4037 1391 4112; x_wconf 71' lang='lat' dir='ltr'><strong>obtainmoreantlmomrupect3</strong></span> <span class='ocrx_word' id='word_1_278' title='bbox 1408 4040 1449 4096; x_wconf 73' lang='lat' dir='ltr'><strong>er</strong></span> 
     </span>
     <span class='ocr_line' id='line_1_35' title="bbox 344 4112 1449 4189; baseline 0.004 -19"><span class='ocrx_word' id='word_1_279' title='bbox 344 4115 487 4187; x_wconf 75' lang='lat' dir='ltr'><strong>principles</strong></span> <span class='ocrx_word' id='word_1_280' title='bbox 494 4135 504 4179; x_wconf 65' lang='grc' dir='ltr'><strong><em>ς</em></strong></span> <span class='ocrx_word' id='word_1_281' title='bbox 522 4112 576 4168; x_wconf 81' lang='lat' dir='ltr'><strong>and</strong></span> <span class='ocrx_word' id='word_1_282' title='bbox 587 4129 624 4168; x_wconf 90' lang='lat' dir='ltr'><strong>no</strong></span> <span class='ocrx_word' id='word_1_283' title='bbox 635 4130 687 4169; x_wconf 85' lang='lat' dir='ltr'><strong>ona</strong></span> <span class='ocrx_word' id='word_1_284' title='bbox 697 4115 788 4170; x_wconf 75' lang='lat' dir='ltr'><strong>womd</strong></span> <span class='ocrx_word' id='word_1_285' title='bbox 802 4133 877 4172; x_wconf 88' lang='lat' dir='ltr'><strong>more</strong></span> <span class='ocrx_word' id='word_1_286' title='bbox 916 4117 951 4170; x_wconf 84' lang='lat' dir='ltr'><strong>its</strong></span> <span class='ocrx_word' id='word_1_287' title='bbox 963 4118 1072 4186; x_wconf 79' lang='lat' dir='ltr'><strong>general</strong></span> <span class='ocrx_word' id='word_1_288' title='bbox 1082 4118 1223 4189; x_wconf 79' lang='lat' dir='ltr'><strong>principles</strong></span> <span class='ocrx_word' id='word_1_289' title='bbox 1231 4119 1286 4173; x_wconf 73' lang='lat' dir='ltr'><strong>vill</strong></span> <span class='ocrx_word' id='word_1_290' title='bbox 1297 4119 1388 4183; x_wconf 71' lang='lat' dir='ltr'><strong>md,</strong></span> <span class='ocrx_word' id='word_1_291' title='bbox 1396 4115 1449 4174; x_wconf 78' lang='lat' dir='ltr'><strong>und</strong></span> 
     </span>
     <span class='ocr_line' id='line_1_36' title="bbox 344 4191 1448 4269; baseline 0.005 -20"><span class='ocrx_word' id='word_1_292' title='bbox 344 4193 436 4266; x_wconf 79' lang='lat' dir='ltr'><strong>gledly</strong></span> <span class='ocrx_word' id='word_1_293' title='bbox 458 4191 527 4248; x_wconf 82' lang='lat' dir='ltr'><strong>hare</strong></span> <span class='ocrx_word' id='word_1_294' title='bbox 556 4191 690 4248; x_wconf 67' lang='lat' dir='ltr'><strong>comesu</strong></span> <span class='ocrx_word' id='word_1_295' title='bbox 714 4192 788 4248; x_wconf 85' lang='lat' dir='ltr'><strong>thern</strong></span> <span class='ocrx_word' id='word_1_296' title='bbox 811 4193 877 4250; x_wconf 88' lang='lat' dir='ltr'><strong>than</strong></span> <span class='ocrx_word' id='word_1_297' title='bbox 916 4194 952 4250; x_wconf 87' lang='lat' dir='ltr'><strong>its</strong></span> <span class='ocrx_word' id='word_1_298' title='bbox 975 4193 1078 4266; x_wconf 76' lang='lat' dir='ltr'><strong>insight</strong></span> <span class='ocrx_word' id='word_1_299' title='bbox 1100 4197 1158 4252; x_wconf 86' lang='lat' dir='ltr'><strong>into</strong></span> <span class='ocrx_word' id='word_1_300' title='bbox 1181 4196 1285 4252; x_wconf 81' lang='lat' dir='ltr'><strong>Nature</strong></span> <span class='ocrx_word' id='word_1_301' title='bbox 1311 4197 1336 4253; x_wconf 82' lang='lat' dir='ltr'><strong>is</strong></span> <span class='ocrx_word' id='word_1_302' title='bbox 1366 4197 1448 4269; x_wconf 77' lang='lat' dir='ltr'><strong>deep5</strong></span> 
     </span>
     <span class='ocr_line' id='line_1_37' title="bbox 346 4269 1449 4348; baseline 0.004 -19"><span class='ocrx_word' id='word_1_303' title='bbox 346 4269 578 4329; x_wconf 76' lang='lat' dir='ltr'><strong>Buconhhnsels.</strong></span> <span class='ocrx_word' id='word_1_304' title='bbox 615 4270 877 4328; x_wconf 83' lang='lat' dir='ltr'><strong>ltisoncolthe</strong></span> <span class='ocrx_word' id='word_1_305' title='bbox 917 4272 1449 4348; x_wconf 74' lang='lat' dir='ltr'><strong>andoftenitsrsryiaultnarein·</strong></span> 
     </span>
    </p>
   </div>
   <div class='ocr_carea' id='block_1_10' title="bbox 345 4347 1054 4424">
    <p class='ocr_par' dir='ltr' id='par_1_10' title="bbox 345 4347 1054 4424">
     <span class='ocr_line' id='line_1_38' title="bbox 345 4347 1054 4424; baseline 0 -18"><span class='ocrx_word' id='word_1_306' title='bbox 345 4351 482 4408; x_wconf 81' lang='lat' dir='ltr'><strong>lnnctions</strong></span> <span class='ocrx_word' id='word_1_307' title='bbox 499 4349 562 4405; x_wconf 75' lang='lat' dir='ltr'><strong>osa</strong></span> <span class='ocrx_word' id='word_1_308' title='bbox 580 4349 701 4421; x_wconf 75' lang='lat' dir='ltr'><strong>growing</strong></span> <span class='ocrx_word' id='word_1_309' title='bbox 714 4347 878 4424; x_wconf 83' lang='lat' dir='ltr'><strong>Philosophy</strong></span> <span class='ocrx_word' id='word_1_310' title='bbox 918 4352 1054 4408; x_wconf 77' lang='lat' dir='ltr'><strong>structivs.</strong></span> 
     </span>
    </p>
   </div>
   <div class='ocr_carea' id='block_1_11' title="bbox 0 0 1636 5148">
    <p class='ocr_par' dir='ltr' id='par_1_11' title="bbox 0 0 1636 5148">
     <span class='ocr_line' id='line_1_39' title="bbox 0 0 1636 5148; baseline 0 0"><span class='ocrx_word' id='word_1_311' title='bbox 0 0 1636 5148; x_wconf 95' lang='lat' dir='ltr'><strong> </strong></span> 
     </span>
    </p>
   </div>
  </div>
 </body>
</html>
