3222 5148
644 315 734 381 mn.
758 317 870 382 11.12.
1243 313 1304 380 161

623 497 688 570 Ad
710 500 899 595 septinmm.

262 631 321 698 la.
348 625 468 698 Omne
493 627 644 723 ignitum
671 632 722 702 ita
746 640 790 702 ut
815 641 975 704 vertatur
1000 633 1037 703 in
1064 632 1228 704 ruborem
1258 633 1312 727 ig-

209 767 330 826 neum,
348 745 456 816 etiam
473 745 550 816 siue
567 743 710 819 flemma
725 758 899 842 perpetuo
916 747 1071 819 calidum
1088 757 1167 831 est;
1193 772 1311 842 neque

210 860 295 931 huic
325 859 541 953 affirmativae
573 861 800 957 subjungitur
832 864 1014 961 nepotiane
1049 864 1112 936 sed
1142 865 1239 957 quod
1273 865 1310 935 in

210 976 371 1068 proximo
388 984 454 1058 cst,
476 977 617 1047 videtur
634 999 710 1048 esse
727 978 865 1073 lignum
882 988 1008 1071 putre;
1031 978 1125 1071 quod
1144 976 1311 1071 splendet

210 1101 330 1172 noctu,
349 1113 466 1184 neque
483 1100 604 1164 nmen
622 1091 901 1185 deprehenditur
914 1093 1082 1170 calidum:
1098 1102 1139 1166 et
1155 1115 1311 1186 squamae

209 1208 360 1300 piscium
378 1215 631 1300 putrescentes,
643 1227 721 1300 quae
739 1209 848 1280 etiam
865 1208 1057 1302 splendent
1073 1205 1225 1290 noctuffl,
1243 1231 1310 1280 uec

210 1321 440 1390 inveniuntur
463 1319 508 1390 ad
536 1329 672 1390 tactum
699 1320 848 1392 calidae:
888 1343 1005 1413 neque
1039 1321 1148 1392 etiam
1182 1343 1309 1414 corpus

208 1436 400 1519 cicindelae,
425 1446 489 1508 aut
513 1459 653 1518 muscae,
681 1435 802 1530 (qimm
830 1449 958 1510 vocant
983 1434 1200 1534 luciolam⁶²)
1225 1437 1311 1510 cali-

208 1551 296 1624 dum
312 1551 357 1622 ad
376 1562 513 1624 tactum
530 1553 819 1646 deprehenditur.

635 1747 699 1819 Ad
722 1758 884 1822 ootccom.

262 1883 322 1950 13.
347 1877 405 1950 De
431 1880 567 1952 balneis
594 1881 726 1960 calidis,
752 1882 886 1974 inquo
916 1883 987 1952 situ
1018 1890 1057 1952 et
1086 1889 1213 1952 notura
1241 1880 1308 1953 soli

209 2017 375 2067 emanare
397 1995 547 2079 soleant,
568 2019 641 2066 non
664 1998 749 2068 satis
774 1998 961 2089 quaesitum
987 2006 1062 2068 eet:
1089 1998 1211 2088 itaque
1237 2020 1308 2069 non

209 2110 436 2206 subjungitur
452 2111 619 2209 ocpolioo.

645 2251 709 2323 Ad
732 2273 869 2323 mom.

260 2387 319 2456 14.
346 2382 508 2478 Liquidis
533 2385 752 2456 ferventibus
777 2383 1005 2478 subjungitur
1021 2384 1179 2482 nepetino
1196 2383 1308 2479 ipsius

209 2499 334 2593 liquidi
359 2510 484 2571 natura
509 2522 582 2571 sua
636 2497 791 2571 Nullum
812 2501 908 2570 enim
934 2500 1116 2570 iuvenitur
1132 2497 1307 2592 liquidum

207 2616 389 2708 tangibile,
407 2618 502 2709 quod
529 2619 576 2688 sit
598 2617 635 2687 in
660 2626 787 2688 notura
809 2638 872 2686 sua
888 2623 926 2685 et
943 2625 1086 2686 maneat
1104 2626 1308 2687 constanter

206 2730 382 2816 calidum3
408 2731 470 2804 sed
496 2732 782 2826 superinducitur
808 2731 853 2802 ad
877 2741 1017 2825 ternpus
1043 2739 1184 2802 tantum
1201 2732 1306 2815 color,

208 2858 250 2917 ut
265 2857 392 2918 natura
407 2849 572 2919 ascititia:
590 2847 680 2918 adeo
697 2860 739 2917 ut
753 2870 831 2938 quae
848 2855 1027 2941 potestate
1045 2859 1083 2918 et
1100 2849 1306 2940 operatione

206 2972 292 3034 sunt
317 2964 474 3034 maxime
501 2962 626 3045 calido,
652 2970 695 3032 ut
720 2962 863 3055 spiritus
889 2963 973 3043 viui,
1000 2961 1081 3033 olea
1106 2972 1305 3034 ammotum

207 3079 377 3162 theorica,
388 3081 497 3149 etiem
511 3077 590 3149 olea
603 3076 733 3148 vitrioli
744 3087 783 3148 et
793 3077 979 3169 sulphuris,
991 3088 1030 3147 et
1046 3074 1215 3164 similiaffi,
1228 3101 1306 3170 quae

206 3195 420 3288 paulopost
450 3193 614 3276 adurunt,
642 3194 688 3265 ad
716 3193 870 3286 primum
901 3201 1040 3262 tactum
1067 3193 1139 3262 sint
1167 3193 1304 3287 frigida

204 3309 312 3404 Aqua
327 3321 449 3382 autem
467 3309 673 3381 balneorum
691 3307 918 3390 naturalium,
936 3317 1087 3400 excepta
1103 3308 1140 3377 iu
1160 3331 1220 3378 vas
1242 3309 1306 3380 eli-

205 3426 312 3520 quod,
330 3435 368 3497 et
385 3434 544 3519 separata
561 3449 583 3495 a
599 3425 757 3496 fontibus
773 3423 856 3505 suis,
874 3422 1085 3494 defervescit
1099 3422 1245 3516 perinde
1263 3447 1305 3494 ac

204 3565 296 3635 oqua
313 3543 395 3636 igne
417 3541 597 3613 calefacta.
649 3537 844 3611 Arvorum
861 3547 926 3620 est,
945 3560 1090 3632 corpora
1115 3538 1234 3610 cleosa
1259 3541 1305 3610 ad

204 3667 341 3729 tactum
358 3657 597 3751 paulominus
617 3679 693 3728 esse
711 3657 840 3750 frigida
856 3677 963 3747 quam
981 3678 1108 3747 oquea;
1126 3666 1168 3727 ut
1185 3653 1306 3726 oleum

202 3861 320 3908 soccum
341 3853 372 3906 oi
392 3853 422 3917 it,
442 3851 507 3907 with
534 3853 569 3906 its
597 3850 732 3924 supposed
772 3849 872 3921 flressy:
897 3857 915 3881 ‘¹
929 3849 1074 3906 Lucciola”
1093 3849 1118 3905 is
1141 3851 1176 3906 its
1201 3861 1308 3922 present

201 3931 280 3987 effect
291 3948 328 3986 ou
339 3929 492 3995 neuthonia
504 3932 584 4000 given
595 3929 732 4003 byssacon
772 3947 860 3986 namo.
905 3928 992 3984 These
1011 3929 1068 3984 also
1086 3929 1147 3998 give
1163 3929 1207 3984 off
1222 3929 1307 3986 Phos-

201 4011 231 4065 io
242 4008 285 4064 bis
299 4007 411 4080 llistory
422 4009 452 4063 ol
461 4008 568 4064 Winds.
771 4007 933 4080 phorescent
952 4006 1030 4078 light.
1072 4006 1124 4061 For
1143 4008 1177 4062 its
1196 4023 1309 4063 manner

237 4085 261 4127 ⁸¹
275 4087 365 4142 Λώου
376 4087 446 4144 lrom
457 4085 503 4142 the
515 4085 732 4158 disoogogement
772 4085 827 4142 and
848 4103 955 4156 process
973 4084 1005 4140 oi
1022 4083 1251 4156 disengagsmcnt,
1269 4103 1309 4142 we

199 4166 231 4222 ol
241 4165 472 4235 Phosphorasoent
488 4163 558 4236 light
575 4165 673 4235 during
685 4163 731 4220 de·
771 4182 835 4235 may
846 4165 915 4219 refer
926 4172 954 4218 to
966 4171 1028 4217 noto
1040 4177 1085 4235 59.

200 4243 386 4314 composition.
807 4239 834 4280 ⁶¹
854 4241 905 4298 See
917 4258 990 4312 supr.
1005 4238 1044 4295 11.
1056 4257 1098 4296 rr.
1111 4241 1186 4308 (noto
1197 4243 1256 4310 33.)

228 4320 256 4362 ⁰²
266 4321 325 4376 'l'he
336 4323 501 4392 glou-vorm
513 4317 566 4374 ond
578 4321 624 4376 tho
638 4319 731 4376 Italian
