3222 5148
348 341 391 405 82
674 333 850 402 Novum
872 333 1119 400 ORGANUM.

347 519 411 568 nes
435 505 474 567 at
498 497 744 580 exaltationes,
765 497 1042 570 substantiarum
1069 493 1403 576 transmutationes
1419 503 1455 566 et

346 623 512 685 motuum
537 613 583 684 ad
613 612 756 685 libitum
786 613 1027 686 roborationes
1055 621 1095 682 et
1121 610 1455 702 multiplicationes,

347 732 438 802 aeris
464 731 710 823 impressiones
739 741 778 802 et
807 728 1047 810 alterationes,
1074 727 1275 800 coeleatium
1305 727 1458 798 induan-

346 847 478 918 tiarum
500 847 733 920 deductiones
753 857 794 919 et
817 845 1092 941 procurationes,
1109 867 1229 918 rerum
1252 843 1457 914 futurarum

348 965 593 1047 divinationes,
618 973 835 1036 remotarum
862 963 1205 1055 repraesentationes,
1231 959 1456 1034 occultarum

347 1080 590 1162 revelationes
621 1089 660 1152 et
689 1079 759 1152 alia
789 1080 971 1173 complura
1003 1077 1236 1173 pollicitando
1267 1087 1310 1148 st
1340 1087 1459 1150 osten·

348 1200 469 1270 tando.
520 1197 660 1270 Verum
684 1198 729 1269 de
752 1197 829 1268 istis
849 1197 1075 1291 largitoribus
1090 1217 1161 1266 non
1178 1193 1341 1266 multum
1359 1195 1460 1266 aber-

347 1317 487 1400 raverit,
512 1316 572 1408 qui
598 1315 798 1386 istiusmodi
817 1314 997 1407 judicium
1023 1312 1157 1395 fecerit,
1180 1321 1327 1384 tantum
1353 1313 1459 1384 nimi-

347 1453 427 1502 rum
444 1434 480 1502 in
499 1432 669 1503 doctrinis
693 1431 930 1524 philosophias,
947 1431 1043 1502 inter
1064 1429 1193 1501 horum
1211 1431 1406 1512 vanitates,
1422 1441 1458 1500 et

347 1571 447 1618 veras
471 1555 576 1630 artes,
602 1549 784 1630 interesse,
811 1557 984 1639 quantum
1011 1548 1106 1618 inter
1131 1567 1188 1617 res
1218 1555 1343 1640 gestas
1368 1545 1458 1618 Julii

348 1661 503 1744 Caesaris,
521 1671 584 1732 aut
605 1661 801 1734 Alexandri
828 1661 966 1757 Magni,
987 1671 1027 1733 et
1051 1685 1108 1732 res
1131 1671 1253 1756 gestas
1273 1662 1457 1734 Amadicii

348 1801 395 1852 ax
421 1777 586 1862 Galliam,
613 1791 678 1851 sut
702 1777 829 1851 Artori
852 1803 900 1852 cx
919 1779 1115 1861 Britannia,
1133 1781 1171 1850 in
1193 1779 1356 1852 historiae
1380 1803 1459 1854 uar-

347 1896 544 1968 rationibus
577 1897 728 1970 intersit.
791 1897 1029 1968 inveniuntur
1058 1898 1156 1968 enim
1186 1895 1376 1969 clarissimi
1406 1899 1457 1970 illi

346 2015 577 2108 imperatores
606 2037 729 2086 revera
756 2014 891 2106 majora
918 2014 1078 2108 gessisse,
1105 2036 1213 2106 quam
1244 2015 1458 2089 umbratiles

346 2132 405 2202 isti
428 2131 554 2204 heroes
579 2133 687 2202 etiam
714 2132 841 2202 iecisse
865 2132 1065 2224 fingantur;
1097 2131 1159 2201 sed
1185 2132 1304 2203 modis
1330 2145 1371 2204 et
1395 2135 1457 2206 riis

347 2248 483 2320 scilicet
499 2251 681 2320 actionum
697 2249 845 2321 minime
863 2246 1032 2320 fabulosis
1048 2257 1087 2318 et
1104 2249 1326 2343 prodigiosis.
1382 2251 1456 2324 Ns-

348 2387 419 2458 que
441 2375 629 2459 propterea
652 2389 797 2458 aequum
822 2374 887 2450 est,
907 2388 996 2437 verae
1020 2367 1198 2436 memorie
1218 2367 1332 2440 fidem
1355 2371 1457 2442 deru-

347 2482 432 2576 gsri,
449 2484 543 2574 quod
567 2507 589 2552 a
609 2481 737 2554 fabulis
761 2479 824 2552 illa
844 2483 1057 2574 quandoque
1081 2481 1163 2554 lusa
1184 2483 1232 2554 sit
1252 2493 1293 2556 et
1311 2486 1455 2558 nolas

348 2597 420 2668 Sed
454 2599 596 2670 interim
635 2599 782 2670 minime
820 2599 951 2669 mirum
989 2609 1053 2683 est,
1088 2601 1118 2670 si
1153 2603 1456 2694 propositionibus

348 2714 448 2784 novis
471 2717 678 2810 (prasertim
705 2738 786 2787 cum
812 2717 996 2787 mentione
1022 2721 1185 2809 operum)
1209 2739 1387 2812 magnum
1411 2723 1455 2792 sit

348 2833 484 2904 luctum
511 2833 753 2925 prejudicium
782 2855 847 2926 per
874 2833 960 2904 istos
987 2833 1205 2926 impostores,
1234 2837 1297 2926 qui
1326 2836 1455 2908 similia

348 2957 598 3032 tentaverunt3
622 2971 705 3019 cum
723 2949 889 3020 vanitatis
905 2971 1071 3019 exuemus
1087 2959 1124 3019 et
1142 2948 1327 3022 fastidium
1345 2955 1453 3025 ctiam

347 3089 443 3138 nnnc
469 3087 613 3136 omnem
641 3067 678 3134 in
705 3064 879 3157 ejusmodi
906 3066 1093 3136 conatibus
1119 3069 1452 3160 magnanimitatem

348 3183 576 3256 destruxerit.

767 3279 1032 3353 LXXXVIII.

398 3385 453 3455 At
471 3383 577 3478 longe
594 3383 727 3476 majora
742 3405 764 3453 a
780 3381 1083 3476 pusillanimitate,
1100 3391 1138 3451 et
1155 3403 1360 3476 pensorum,
1378 3407 1453 3476 quc

348 3499 506 3572 humana
521 3499 695 3570 industria
715 3499 781 3570 sibi
802 3499 995 3593 proposuit,
1013 3497 1188 3590 parvitate
1204 3507 1244 3568 et
1261 3499 1452 3582 tenuitate,

349 3615 564 3686 detrimenta
579 3617 617 3685 in
634 3615 797 3686 scientias
817 3615 960 3684 invecta
980 3621 1073 3684 sunt
1126 3613 1178 3684 Et
1201 3623 1325 3686 tamen
1344 3615 1450 3709 (quod

349 3733 540 3822 pessimum
558 3735 627 3824 est)
644 3730 913 3824 pusillanimitas
930 3731 998 3802 ista
1014 3753 1087 3801 non
1104 3733 1180 3802 sine
1196 3733 1402 3828 arrogantia
1415 3743 1451 3804 et

350 3847 491 3918 fastidio
509 3871 547 3919 se
564 3847 678 3920 offert.

400 3961 561 4034 Primum
578 3966 686 4048 enim,
704 3967 863 4036 omnium
886 3964 1016 4035 artium
1040 3962 1102 4034 illa
1121 3961 1297 4054 reperitur
1313 3962 1449 4035 cantela

349 4139 442 4195 Bscon
472 4140 495 4196 is
523 4140 586 4196 hers
617 4141 747 4214 referring
775 4151 804 4196 to
833 4141 879 4197 the
919 4140 1056 4196 meditem}
1064 4155 1197 4195 rommcs.
1218 4139 1450 4195 'l'lrsflrstsditios

348 4221 481 4292 languags
499 4220 530 4275 ol
546 4219 592 4275 the
610 4220 772 4276 Alchsmists
790 4221 822 4276 os
836 4221 880 4276 lris
919 4219 950 4274 ol
965 4221 987 4274 it
1003 4219 1063 4274 that
1079 4220 1103 4273 is
1121 4227 1212 4273 crunt
1229 4235 1284 4272 oss
1302 4219 1409 4290 printed
1424 4225 1450 4272 st

348 4298 410 4372 dsy.
921 4297 1179 4369 SerillsA.D.r519.
1199 4297 1449 4353 Sseflsum’stta

384 4378 407 4420 ⁹¹
425 4385 444 4410 ‘⁶
453 4377 565 4434 Amudis
578 4377 611 4432 de
623 4377 729 4442 Gsul;”
748 4379 880 4434 alamon·
920 4378 951 4433 ol
960 4379 1076 4449 Europe,
1089 4385 1147 4450 part
1162 4376 1183 4432 l.
1196 4375 1274 4446 chap.
1284 4377 1320 4432 iv.
1334 4379 1350 4447 ὁ
1362 4393 1406 4449 70.
