3078 5180
298 933 563 1052 NOVUM
613 934 1014 1071 uuerdan,

614 1216 706 1266 SIVE

120 1414 363 1509 INDICIA¹
400 1416 547 1510 VERA
585 1419 656 1511 DE
696 1419 757 1513 IN
760 1420 1193 1516 TERPRETATIONE

534 1597 779 1692 NATURAE.

497 1855 811 1865 -—-—-—-——.—

455 2053 462 2060 ·
523 2021 798 2094 PRAEFATIO.

105 2134 247 2260 QU1²
275 2177 321 2246 de
347 2185 482 2257 natura,
509 2187 678 2270 tanquam
706 2179 750 2248 de
776 2202 814 2249 re
840 2177 1033 2271 explorata
1058 2202 1211 2272 pronun-

102 2296 192 2366 tiare
217 2294 295 2366 ausi
320 2303 413 2375 sunt,
431 2294 506 2363 sive
529 2293 596 2364 hoe
618 2317 663 2363 ex
685 2297 791 2364 animi
813 2295 943 2365 fiducia
960 2296 1119 2376 fecerint,
1137 2298 1210 2367 sive

101 2409 296 2480 ambitiose
323 2418 360 2477 et
390 2431 489 2479 more
521 2411 750 2502 professori03
786 2411 951 2481 maximis
977 2409 1028 2479 iiii
1060 2411 1212 2503 philoso-

102 2525 223 2616 phiam
254 2534 292 2594 et
318 2525 482 2595 scientias
508 2525 732 2597 detrimentis
755 2525 914 2598 affecere.
968 2525 1022 2598 Ut
1045 2529 1139 2598 enirn
1164 2528 1208 2598 ad

101 2643 210 2714 iidem
239 2641 436 2712 faciendam
460 2639 579 2722 validi,
596 2643 648 2712 ita
672 2644 765 2711 enim
791 2643 834 2713 ad
859 2643 1123 2735 inquisitionem
1148 2665 1212 2714 ex·

102 2757 342 2852 tinguendum
366 2767 403 2826 et
426 2757 703 2850 abrumpendam
728 2757 887 2829 efficaces
905 2759 1067 2830 inerunt:
1095 2783 1211 2852 neque

102 2875 243 2946 virtute
272 2874 414 2966 propria
445 2882 587 2944 tantum
621 2875 841 2966 profuerunt,
872 2886 1042 2966 quantum
1075 2877 1112 2945 in
1142 2877 1210 2948 hoe

101 2999 316 3072 nocuerunt,
334 2989 429 3081 quod
456 2987 602 3058 aliorum
629 2991 797 3060 virtutem
824 2992 1044 3084 corruperint
1069 3002 1107 3062 et
1133 3013 1212 3084 per-

101 3089 274 3177 diderint.
332 3103 402 3190 Qui
434 3115 555 3176 autem
586 3108 797 3177 contrariam
828 3106 911 3176 huie
940 3109 1032 3177 viam
1063 3109 1210 3200 ingressi

100 3233 197 3306 sunt,
226 3231 336 3314 atque
361 3221 448 3292 nihil
475 3243 616 3314 prorsus
641 3223 721 3292 seiri
748 3244 849 3314 posse
877 3231 1110 3304 asseruerunt,
1138 3224 1211 3292 sive

101 3363 146 3410 ex
174 3337 414 3431 sophistarum
442 3347 601 3408 vetemm
631 3337 723 3418 odio,
750 3339 823 3407 sive
851 3361 896 3407 ex
925 3337 1032 3406 animi
1061 3335 1212 3408 fluctua-

101 3457 212 3531 tione,
241 3462 304 3523 aut
330 3453 437 3523 etiam
463 3475 509 3522 ex
536 3454 687 3544 quadam
715 3455 886 3523 doetrinae
917 3453 1027 3545 eopia,
1054 3453 1090 3522 in
1118 3450 1210 3524 hane

98 3573 309 3666 opinionem
338 3569 470 3662 delapsi
499 3571 578 3648 sint,
606 3579 703 3640 certe
730 3593 801 3641 non
830 3569 1106 3640 contemnendas
1133 3570 1210 3660 ejus

99 3689 260 3758 rationes
288 3684 533 3756 adduxerunt:
569 3697 801 3756 veruntamen
835 3709 901 3756 nee
931 3709 952 3756 a
981 3687 1070 3755 veris
1100 3686 1210 3756 initiis

98 3802 319 3876 senteutiam
345 3823 445 3872 suam
471 3802 686 3883 derivarunt,
709 3810 756 3886 et,
780 3802 897 3873 studio
921 3803 1075 3893 quodam
1101 3811 1210 3895 atque

137 4017 145 4056 ¹
164 4015 356 4071 Iudicio-not
368 4021 387 4047 “
396 4014 593 4086 suggestions'’
606 4031 637 4068 or
677 4014 804 4070 rendered
816 4015 838 4070 it
849 4021 867 4046 “
878 4015 994 4070 Guide.”

99 4093 447 4156 “iudications‚''asithas
457 4094 525 4148 been
531 4093 637 4164 usually
713 4093 726 4132 ²
743 4093 801 4147 The
811 4093 994 4164 Dogmatists:
1013 4093 1055 4148 tor
1066 4093 1155 4147 whom
1167 4111 1211 4148 aee

98 4171 258 4236 translated,
268 4171 318 4226 but
328 4172 418 4226 rather
428 4172 458 4226 in
469 4171 515 4225 the
524 4189 601 4225 sense
610 4171 639 4224 oi
679 4170 731 4226 Bk.
750 4169 772 4224 1.
792 4171 864 4242 Aph.
882 4169 925 4242 67.
961 4170 1019 4224 The
1038 4171 1114 4226 other
1132 4171 1210 4234 cher,

98 4261 116 4284 ¹⁶
129 4254 240 4309 Delatio
258 4251 636 4317 reioecultae,”“1niorma-
677 4247 795 4317 opposed
822 4259 850 4302 to
877 4248 959 4312 them,
983 4249 1006 4300 is
1029 4247 1089 4301 that
1112 4247 1143 4300 oi
1164 4245 1211 4299 the

98 4332 189 4387 tion.”
223 4329 321 4386 lhave
337 4329 465 4386 rentured
483 4339 511 4384 to
528 4347 576 4385 use
592 4329 637 4385 the
679 4332 697 4356 ‘¹
711 4327 859 4396 Sceptica.”

98 4419 226 4466 eoam
243 4410 286 4464 ior
302 4407 348 4464 the
364 4408 488 4473 abstraot,
501 4407 554 4463 and
571 4407 638 4462 have

147 4511 204 4585 A·
724 4499 746 4547 u
