3268 5146
310 329 375 392 220
637 322 812 391 NOVUM
834 321 1083 390 ORGANUM.

312 492 444 585 Neque
468 491 618 562 enimin
636 489 691 561 his
713 491 822 562 etiam
839 489 1083 562 desistendum
1100 489 1146 560 ab
1170 486 1413 580 inquisitione,

310 610 424 680 donee
449 607 652 678 inveniatur
673 628 779 678 causa
801 605 1003 698 hujusmodi
1026 602 1284 677 declinationis.
1338 605 1415 680 Ve-

309 731 498 796 runtsmcn
518 745 623 794 causa
640 721 703 793 illa
726 743 797 792 non
824 723 983 816 exsurgit
1006 721 1052 792 ad
1078 721 1230 792 formam
1254 721 1414 816 aliquam

309 841 460 935 proprie,
477 838 540 909 sed
563 847 706 910 tantum
722 837 769 908 ad
791 834 950 910 launum
965 859 1162 932 processum
1185 838 1231 909 ad
1249 837 1413 910 formam.

311 955 384 1041 Qui
402 957 498 1027 enim
514 955 588 1026 vias
604 963 737 1026 naturae
757 955 907 1036 noverit,
925 954 955 1025 is
972 951 1180 1026 dsoiubbnes
1201 955 1311 1024 etiam
1328 954 1416 1026 faci-

310 1071 379 1144 lius
404 1071 615 1143 observabit.
666 1070 719 1140 At
743 1093 872 1155 rursus,
889 1069 951 1164 qui
976 1067 1184 1142 deviationes
1209 1071 1359 1153 noverit,
1382 1071 1414 1142 is

309 1188 507 1260 accuratius
523 1188 597 1258 vias
617 1187 804 1260 describet.

361 1302 484 1396 Atque
506 1303 544 1372 in
562 1301 624 1373 illc
641 1301 808 1374 differunt
825 1304 934 1375 etiam
951 1301 996 1374 ab
1014 1301 1192 1374 instantiis
1211 1301 1413 1388 mue,

310 1422 406 1513 quod
440 1420 557 1492 multo
590 1421 703 1514 magis
736 1421 915 1492 instruunt
947 1420 1075 1512 prusin
1110 1427 1149 1490 et
1182 1423 1413 1514 operativum.

312 1535 352 1608 N
353 1559 410 1606 am
428 1558 537 1606 novas
560 1535 694 1628 species
716 1558 895 1631 generare,
913 1535 1065 1606 arduum
1084 1536 1277 1607 admodum
1295 1537 1413 1609 foret:

310 1659 350 1723 at
374 1652 508 1744 species
533 1659 637 1722 notas
662 1652 806 1736 variare,
824 1661 863 1722 et
888 1653 972 1722 inde
997 1673 1076 1722 rara
1097 1651 1213 1724 multa
1237 1675 1279 1724 nc
1304 1653 1415 1725 inusi-

310 1775 387 1839 tata
412 1769 616 1861 producere,
638 1768 756 1840 minus
782 1768 944 1839 arduum.
996 1766 1125 1839 Facilis
1150 1777 1273 1842 autem
1300 1778 1416 1842 trans·

310 1885 383 1956 itus
412 1893 469 1955 est
491 1907 513 1956 a
538 1883 716 1956 miraculis
745 1893 879 1956 naturae
908 1886 953 1956 ad
978 1884 1149 1957 miraculo
1180 1883 1309 1958 artis77.
1372 1885 1414 1958 Si

310 1999 407 2072 enim
438 2000 723 2094 deprehendatur
751 2000 861 2074 semel
891 2009 1019 2072 natura
1045 2002 1083 2072 in
1113 2002 1307 2075 variatione
1337 2027 1412 2088 sua,

310 2115 456 2208 ejusque
479 2115 568 2185 ratio
591 2115 780 2187 manifesta
801 2115 934 2198 fuerit3
959 2115 1169 2208 expeditum
1192 2115 1261 2186 erit
1284 2138 1328 2185 eo
1353 2115 1415 2188 de-

310 2231 440 2302 ducere
463 2238 626 2302 naturam
649 2253 714 2324 per
729 2239 855 2313 artem,
873 2255 944 2324 quo
967 2253 1031 2324 per
1049 2253 1170 2302 casum
1186 2230 1413 2302 aberraverit.

310 2347 442 2442 Neque
465 2346 581 2418 solum
597 2370 651 2431 co,
669 2346 731 2418 sed
748 2356 787 2418 ct
806 2347 994 2432 aliorsum
1021 2368 1103 2419 cum
1120 2369 1254 2418 errores
1276 2371 1325 2418 ex
1342 2371 1415 2420 una

309 2472 411 2559 parte
434 2473 635 2536 monstrent
651 2471 690 2536 et
712 2465 873 2558 aperiant
890 2464 984 2535 viam
1000 2463 1046 2535 ad
1068 2486 1202 2536 errores
1223 2472 1262 2536 et
1279 2463 1415 2536 deflex-

309 2581 408 2654 iones
430 2581 677 2674 undequaque.
729 2579 804 2652 Hic
829 2603 913 2652 vero
936 2580 1111 2673 exemplis
1135 2603 1208 2652 non
1232 2589 1288 2652 est
1313 2605 1413 2675 opus,

310 2705 455 2790 propter
478 2697 671 2768 eorundem
691 2699 840 2790 copiam.
892 2695 1070 2768 Facienda
1091 2697 1188 2768 enim
1205 2706 1262 2770 est
1281 2721 1415 2794 conge-

310 2815 380 2888 ries
405 2816 478 2888 sive
504 2815 653 2887 historia
678 2814 848 2887 naturalis
873 2813 1095 2908 particularis
1124 2815 1284 2884 omniurn
1310 2835 1414 2884 mon-

310 2941 475 3017 strorum,
509 2942 548 3004 et
581 2941 749 3026 perturun
783 2940 918 3003 natura
950 2931 1253 3026 prodigiosorum
1295 2931 1413 3002 omnis

310 3051 464 3144 denique
488 3051 667 3133 novitatis,
685 3057 724 3122 et
746 3048 909 3131 raritatis,
927 3058 966 3120 et
987 3048 1185 3119 inconsueti
1208 3047 1247 3118 in
1270 3057 1409 3119 natura.

310 3165 394 3240 Hoc
419 3190 504 3240 vero
529 3167 731 3238 faciendum
757 3173 922 3236 osteum
947 3165 1167 3235 severissimo
1192 3162 1347 3247 delectu,
1370 3174 1414 3236 ut

310 3292 453 3356 constet
477 3283 574 3355 fides.
627 3281 790 3355 Maxime
815 3291 937 3354 eutem
963 3281 1128 3354 habenda
1152 3288 1236 3353 sunt
1261 3302 1324 3373 pro
1355 3303 1414 3351 su·

310 3403 451 3496 spectis,
474 3423 553 3494 quae
576 3401 735 3494 pendent
756 3399 1078 3492 quomodocunque
1103 3421 1126 3468 a
1146 3396 1340 3492 religione3
1370 3405 1413 3468 ut

309 3519 471 3613 prodigia
488 3515 602 3588 Livii:
630 3541 696 3588 neo
712 3518 843 3600 minus,
861 3538 939 3608 quae
961 3516 1189 3588 inveniuntur
1210 3515 1249 3586 in
1266 3515 1414 3607 scripto-

309 3634 408 3706 ribus
435 3634 561 3728 magiae
585 3633 764 3718 naturalis,
790 3641 855 3704 cut
879 3633 989 3705 etiam
1012 3632 1205 3727 ulchymiae,
1227 3640 1266 3703 et
1291 3632 1413 3725 hujus-

310 3749 408 3822 modi
430 3749 655 3835 hominibus;
680 3752 742 3844 qui
765 3758 935 3844 tanquam
958 3751 1054 3844 proci
1077 3757 1214 3820 suntet
1234 3755 1412 3822 amatores

310 3865 522 3939 fabularum.
574 3865 646 3938 Sed
664 3867 906 3960 depromenda
921 3877 1007 3938 sunt
1029 3866 1092 3938 illa
1108 3888 1153 3938 ex
1170 3865 1269 3962 gravi
1287 3874 1326 3937 et
1343 3865 1415 3937 lida

310 3985 466 4066 historia,
484 3991 523 4054 et
538 3983 779 4056 auditionibus
796 3985 912 4056 certis.

344 4137 370 4180 ⁷⁷
390 4137 468 4210 rim
488 4135 569 4208 τύχην
585 4137 694 4210 impes
712 4139 755 4194 sui
772 4136 839 4209 τύχη
879 4139 919 4193 lar
942 4139 1059 4211 changes
1081 4138 1110 4192 in
1134 4134 1305 4193 individuale.
1346 4136 1415 4191 Νη

308 4219 409 4290 τέχνην.
446 4217 494 4272 Ar.
508 4215 572 4271 Ean.
585 4215 646 4272 Nic.
656 4215 707 4271 Vl.
720 4236 747 4286 4.
760 4229 787 4288 5.
881 4218 980 4290 species
998 4235 1038 4272 vsu
1058 4215 1154 4288 burdly
1170 4231 1232 4286 may
1249 4215 1284 4271 bs
1305 4214 1365 4271 nbls
1384 4225 1413 4272 tc

343 4294 596 4373 Bymtcbingtbs
611 4295 727 4368 changes
742 4295 839 4351 iuNs·
880 4297 1037 4362 mbut
1053 4291 1295 4352 nsvvanstisswe
1311 4311 1414 4360 ocu,-

308 4385 368 4434 turs
379 4396 418 4433 we
432 4393 495 4447 may
505 4375 578 4430 learn
590 4383 619 4432 tu
632 4373 750 4448 produce
765 4374 839 4430 simi-
879 4375 909 4430 in
921 4375 1113 4432 liertiorlturs.
