3078 5180
605 332 695 401 ma.
716 332 744 401 1.
761 351 815 420 70.
908 434 919 454 l
1216 334 1260 402 dd

152 499 340 594 paululum
358 502 605 594 experimenta
614 503 691 596 jam
709 503 871 597 oognita3
898 509 945 588 et,
963 503 993 574 sl
1015 525 1070 575 res
1091 524 1163 575 non
1180 524 1258 576 sue-

152 618 266 700 dedat,
297 615 523 701 fastidiendo,
554 632 592 690 et
625 627 794 692 conatum
828 619 1033 690 deserendo.
1086 617 1192 704 Quod
1226 621 1256 692 si

151 733 265 828 magis
283 734 377 806 serio
393 742 434 806 et
449 743 652 807 oonstanter
676 755 718 807 ao
744 736 917 808 laboriose
939 735 985 805 ad
1011 737 1258 828 experimenta

150 872 189 924 se
215 854 424 948 mangana
451 863 570 924 tamen
599 855 635 925 in
661 872 734 926 uno
758 854 878 946 aliquo
905 853 1150 946 experimento
1175 877 1256 926 eru-

149 968 245 1040 endo
274 983 417 1063 operam
447 969 645 1053 oollooant;
671 969 974 1063 quemadmodum
1004 967 1189 1040 Gilbertus
1217 969 1255 1040 ln

149 1093 328 1178 magnete,
346 1085 495 1156 ohemioi
516 1086 553 1156 in
575 1101 673 1156 auro.
725 1083 809 1158 Hoc
835 1093 957 1158 autem
981 1085 1116 1156 faciunt
1141 1083 1254 1156 homi·

149 1220 223 1285 nes,
240 1203 406 1273 instituto
424 1221 495 1272 non
511 1204 630 1274 minus
651 1203 828 1296 imperito,
846 1223 952 1296 quam
970 1201 1080 1274 tenui.
1133 1197 1255 1272 Nemo

148 1319 246 1390 enim
264 1317 413 1411 alicujus
430 1319 481 1389 rei
499 1327 663 1390 naturam
679 1312 716 1390 in
734 1320 809 1412 ipsa
825 1339 864 1390 re
881 1318 1035 1390 feliciter
1058 1322 1255 1411 perseruta-

148 1444 229 1519 tnrr
256 1433 319 1506 sed
336 1427 538 1529 amplianda
553 1445 609 1506 est
625 1436 808 1529 inquisitio
824 1435 869 1506 ad
886 1435 1000 1530 magis
1016 1433 1228 1506 eommunia.

200 1551 308 1636 Quod
334 1551 364 1623 si
390 1553 499 1624 etlam
528 1553 712 1624 solentiam
740 1552 918 1646 quandam
943 1560 982 1624 et
1012 1552 1181 1646 dogmata
1206 1571 1254 1624 ex

147 1669 403 1763 experimentis
436 1667 655 1757 moliantur;
697 1677 819 1740 tamen
853 1689 993 1761 semper
1026 1667 1102 1738 fere
1134 1665 1253 1739 studio

146 1801 370 1878 praepropero
390 1793 428 1856 et
450 1785 702 1879 intempestivo
720 1783 917 1857 deflectunt
939 1784 985 1855 ad
1008 1785 1154 1878 praxin:
1180 1804 1253 1854 non

147 1908 291 1972 tantum
307 1909 452 1994 propter
467 1921 571 1972 usum
589 1910 627 1972 et
643 1901 799 1974 fructum
817 1901 990 1994 ejusmodi
1013 1913 1172 1996 praxeos,
1189 1899 1252 1972 sed

146 2024 191 2087 ut
212 2017 249 2086 in
273 2033 381 2110 opere
402 2017 521 2110 aliquo
544 2035 637 2088 novo
653 2018 765 2089 veluti
788 2019 917 2113 pignus
934 2017 1000 2089 sibi
1018 2017 1196 2111 arripiant,
1214 2037 1253 2089 se

145 2150 220 2204 non
237 2132 416 2205 inutiliter
439 2133 477 2203 in
502 2131 647 2226 reliquis
664 2142 883 2207 versaturus:
908 2141 1018 2225 atque
1043 2133 1153 2204 etiam
1175 2131 1253 2204 aliis

147 2269 186 2320 se
204 2247 434 2332 venditentffl,
452 2250 497 2321 ad
514 2250 817 2321 existimationem
840 2247 1025 2320 meliorem
1047 2261 1253 2340 comparan-

148 2365 231 2437 dam
256 2367 301 2438 de
327 2366 370 2438 iis
394 2367 431 2436 in
455 2366 583 2458 quibus
608 2367 772 2461 oooupati
798 2377 890 2437 sunt.
942 2363 1001 2436 Ita
1016 2363 1067 2447 iit,
1085 2369 1136 2448 ut,
1154 2387 1252 2436 more

144 2481 340 2564 Atalantae,
358 2483 404 2554 de
430 2483 485 2552 via
511 2482 688 2553 decedant
713 2483 757 2554 ad
788 2481 987 2554 tollendum
1014 2502 1162 2553 aureum
1189 2504 1252 2576 po-

144 2595 300 2686 mum³³3
325 2598 470 2669 interim
496 2621 580 2670 vero
610 2621 750 2672 cursum
778 2601 1049 2694 interrumpent,
1075 2607 1113 2670 et
1141 2598 1252 2670 vieto-

144 2717 233 2787 riam
252 2716 422 2787 emittant
438 2737 459 2784 e
476 2716 648 2787 manibus.
701 2715 841 2788 Verum
859 2717 897 2788 in
915 2715 1148 2810 experientiae
1166 2738 1250 2788 vero

143 2831 329 2917 curriculo,
363 2853 478 2925 eoque
511 2831 557 2902 ad
594 2853 685 2901 nova
719 2855 826 2926 opera
858 2832 1097 2927 producendo,
1133 2831 1253 2904 divina

144 2944 361 3042 Sapientia³⁴
387 2947 533 3019 omniuo
562 2956 602 3018 et
630 2946 720 3018 ordo
751 2971 816 3042 pro
848 2946 1046 3042 exemplari
1079 2948 1251 3020 sumonda

143 3073 237 3136 sunt
290 3062 391 3136 Deus
414 3071 536 3136 autem
560 3063 675 3156 primo
692 3062 751 3134 die
768 3063 956 3136 creationis
974 3063 1089 3134 luoem
1107 3070 1249 3136 tantum

143 3182 288 3266 creavit,
305 3181 409 3274 eique
434 3180 533 3274 operi
556 3177 652 3250 diem
677 3179 858 3274 integrum
883 3179 1069 3261 attribuit;
1095 3200 1161 3249 neo
1185 3177 1250 3248 ali-

142 3299 230 3394 quid
255 3297 434 3370 materiati
461 3297 576 3391 operis
601 3319 645 3367 eo
670 3295 729 3368 die
756 3297 901 3368 creavit.
953 3294 1127 3365 Similiter
1147 3302 1186 3366 et
1202 3317 1248 3366 ex

176 3503 205 3545 ⁸²
221 3505 309 3559 “aliis
326 3521 355 3559 se
372 3502 539 3558 venditent.”
573 3498 673 3557 Trans·
749 3501 775 3542 ³⁸
792 3501 859 3556 'l'his
882 3501 967 3556 simile
988 3499 1020 3555 oi
1038 3499 1163 3556 Atalanta
1186 3502 1208 3558 is
1232 3513 1248 3559 a

141 3580 573 3652 iatonllavetreatsdthispluase
582 3581 673 3654 oddly.
714 3580 853 3636 feromiae.
890 3581 917 3636 lt
934 3595 1029 3636 occurs
1051 3579 1246 3653 epulamini.

143 3662 294 3735 Onegires
303 3661 325 3716 it
337 3666 356 3692 ‘⁶
367 3660 504 3716 lusindato
515 3660 674 3716 themselves
717 3673 777 3733 147.
818 3658 872 3714 and
906 3659 936 3713 in
968 3658 1015 3713 the
1047 3658 1248 3718 Adrancement

140 3737 674 3811 slthotlsersa'’srlrioh,tlronghnotab·
714 3737 747 3792 oi
767 3737 909 3810 lfflrning.
945 3737 1012 3792 Also
1039 3738 1068 3792 in
1092 3737 1137 3794 the
1160 3737 1247 3797 Frlnm

141 3821 258 3892 nluuiy
268 3818 409 3891 mapa
430 3817 524 3889 holty,
539 3833 569 3872 as
589 3817 674 3873 intro-
716 3816 813 3889 labyr.
827 3819 880 3888 55.

141 3895 245 3968 during
261 3913 278 3952 a
296 3892 419 3952 different
436 3897 593 3967 ooneeption
604 3895 674 3950 dom
749 3895 776 3935 ⁸⁴
792 3893 851 3950 'l'he
863 3893 987 3950 Editions
999 3893 1030 3951 ol
1038 3893 1084 3951 the
1096 3891 1245 3972 Nov.Org.

142 3973 673 4046 thwfflouliaeonwislredtoglte.
715 3972 1246 4032 allreadPrudaotiatbutasintlre

142 4053 266 4109 Anothoe
297 4055 440 4109 mantes
469 4053 535 4124 “by
563 4052 675 4124 making
716 4048 824 4108 Edition
842 4051 872 4108 ol
890 4051 958 4108 1620
976 4051 1069 4108 Baoon
1086 4053 1135 4109 has
1152 4052 1245 4126 placed

141 4133 304 4188 mm
320 4132 530 4205 compiuaous‚”
545 4130 633 4186 which
651 4131 674 4186 is
714 4147 814 4202 among
825 4131 870 4186 the
880 4129 1044 4203 Corrigenda
1056 4131 1183 4187 thosrord
1194 4133 1244 4188 So·

141 4211 369 4283 nearerpsrhaps.
403 4209 673 4283 “pafftdemselved’
710 4211 821 4280 pientio,
843 4209 855 4264 l
876 4209 944 4266 have
964 4209 1081 4282 thought
1100 4211 1121 4266 it
1140 4211 1198 4266 best
1216 4221 1244 4266 to

140 4289 335 4346 uuadomen
353 4289 389 4347 do
406 4290 475 4346 their
486 4289 613 4353 moade
628 4287 673 4343 tlre
714 4289 796 4345 insert
807 4289 867 4344 itin
880 4288 926 4344 tlte
937 4297 1001 4344 tert.

140 4367 213 4440 right
225 4379 312 4424 m.
