3156 5176
336 353 403 418 820
668 349 845 416 NOVUM
867 349 1119 416 OBGANUM.

339 517 476 611 patitur
499 525 561 588 adr
585 523 650 590 aut
674 518 820 610 spiritus
837 516 1157 588 comminutionem
1174 516 1233 586 mi
1251 515 1301 588 ad
1320 523 1456 588 tantm

333 631 594 716 subtilitatem
620 632 925 725 quemadmodum
938 639 977 705 et
994 655 1088 726 aqna
1104 632 1210 704 exire
1226 641 1376 704 recusat
1392 657 1453 726 per

339 749 467 822 rimam
483 749 732 822 minusculam.

381 865 447 958 (2.)
464 865 523 938 De
539 865 697 938 secundo
711 887 795 936 vero
812 865 920 936 modo
937 886 984 937 ex
1001 871 1141 956 septem
1159 864 1348 957 praedictis
1366 865 1452 937 illud

339 982 500 1075 inprimis
525 981 725 1052 notandum
749 989 815 1064 est,
837 981 955 1054 valere
979 988 1077 1052 certe
1102 982 1394 1072 compressiones
1418 991 1454 1054 et

340 1097 548 1191 hujusmodi
564 1096 753 1170 violentias
774 1098 820 1168 ad
843 1107 982 1170 motum
1000 1095 1162 1177 localem,
1180 1105 1297 1189 atque
1322 1098 1395 1168 alis
1417 1099 1453 1168 id

338 1235 461 1309 genus,
473 1212 733 1306 potentissime;
751 1222 793 1285 nt
804 1214 842 1286 in
859 1212 1033 1284 machinis
1050 1221 1090 1284 et
1105 1211 1321 1285 missilibus:
1341 1215 1451 1286 etiarn

338 1329 384 1399 ad
401 1329 679 1400 destructionem
695 1329 849 1422 corporis
871 1329 1038 1422 organici,
1055 1336 1167 1420 atque
1191 1350 1321 1398 earum
1340 1331 1451 1399 virtu-

339 1451 526 1536 tumque
540 1445 739 1516 consistunt
755 1443 861 1536 plane
878 1445 917 1516 in
933 1449 1046 1514 motu.
1098 1440 1232 1514 Omnis
1248 1444 1352 1514 enim
1370 1447 1449 1527 vita

340 1558 451 1630 immo
478 1559 588 1630 etiam
614 1561 730 1632 omnis
756 1558 901 1632 flumme
927 1568 967 1632 et
993 1559 1131 1652 ignitio,
1160 1557 1365 1630 destruitur
1389 1583 1451 1654 per

339 1676 637 1768 oompreaeioneu
671 1683 714 1746 ut
738 1685 778 1748 et
802 1676 919 1747 omnis
943 1673 1109 1746 machina
1138 1676 1387 1768 corrumpitur
1412 1687 1450 1748 ct

338 1789 571 1862 confunditur
586 1813 650 1884 per
665 1792 819 1864 eusdem.
871 1791 993 1862 Etiam
1011 1790 1057 1860 ad
1074 1789 1362 1862 destructionem
1380 1793 1448 1862 vir·

340 1915 472 1990 tntum.
498 1929 577 2000 quoe
605 1909 804 1980 consistunt
830 1909 867 1980 in
896 1907 1071 2002 posituris,
1098 1914 1139 1978 et
1165 1905 1450 1978 dissimiladtate

339 2025 495 2118 partium
519 2023 626 2118 paulo
650 2025 844 2109 crassiore;
872 2033 913 2095 nt
929 2024 967 2094 in
984 2021 1161 2094 coloribus
1181 2021 1321 2116 (neque
1348 2025 1448 2095 enim

339 2141 437 2212 idem
459 2139 557 2214 color
578 2137 674 2212 floris
699 2141 829 2236 integri
852 2148 891 2214 et
916 2141 1068 2222 contusi,
1085 2159 1204 2231 neque
1229 2140 1369 2210 suecini
1395 2142 1449 2211 in-

340 2258 433 2351 tegri
450 2265 489 2328 et
504 2255 740 2348 pulveriasti).
792 2253 917 2328 Etiam
934 2257 971 2326 in
997 2253 1180 2348 saporibus
1199 2253 1451 2348 (nequeenim

340 2373 438 2446 idem
466 2395 569 2467 sapor
594 2374 670 2467 pyri
700 2373 893 2455 immaturi,
920 2381 959 2443 et
988 2371 1149 2463 ejusdem
1178 2374 1378 2464 compreoei
1407 2395 1448 2444 ac

341 2489 498 2576 subaoti;
519 2511 603 2560 nem
620 2488 811 2560 manifesto
828 2487 1055 2560 dulcedinem
1072 2487 1246 2580 majorem
1264 2490 1449 2582 concipit)

340 2601 480 2677 Verum
505 2603 550 2675 ad
577 2603 903 2677 transformationes
929 2611 969 2674 et
993 2602 1224 2675 alterationes
1256 2605 1449 2677 nobiliores

345 2743 532 2813 corporum
555 2719 768 2792 similarium
794 2742 866 2792 non
887 2719 1049 2792 multum
1068 2719 1191 2792 solent
1216 2721 1295 2792 istae
1318 2722 1450 2793 violan-

346 2837 426 2919 tise3
451 2837 536 2929 quia
551 2857 697 2930 corpore
714 2861 779 2932 per
794 2859 853 2908 eas
876 2859 949 2908 non
971 2837 1161 2928 acquirunt
1178 2837 1449 2910 consistentiam

345 2953 502 3048 aliquam
526 2975 656 3026 novum
672 2963 896 3026 constantem
913 2961 952 3024 et
968 2953 1224 3045 quiescentem,
1241 2955 1307 3024 sed
1325 2957 1450 3026 ιιιιιιιι-
1550 2999 1551 3053 p

345 3072 475 3144 teriam
491 3079 529 3142 et
549 3071 725 3142 nitentem
744 3089 890 3163 semper
910 3069 956 3140 ad
982 3069 1248 3140 restitutionem
1266 3080 1306 3140 ot
1323 3070 1449 3144 libera-
1550 3069 1551 3132 l

346 3189 481 3262 tionem
498 3190 564 3259 sui.
596 3185 775 3260 Attamen
791 3209 863 3258 noo
879 3187 941 3258 abs
957 3207 996 3256 re
1013 3185 1118 3268 foret,
1134 3185 1243 3278 hujus
1261 3189 1314 3258 rei
1332 3187 1449 3260 faeere

346 3307 592 3400 experimenta
607 3302 726 3397 sliqus
742 3303 986 3398 diligentium
1011 3302 1056 3373 ad
1074 3301 1143 3374 hoc
1160 3301 1308 3383 scilicet
1328 3313 1448 3376 utrum

346 3422 575 3494 condensatio
601 3421 755 3513 eorporis
781 3421 873 3492 bene
899 3417 1072 3502 similaris,
1102 3416 1239 3510 (qualia
1265 3430 1352 3492 suut
1379 3423 1447 3506 air,

344 3561 446 3632 aqua,
464 3538 594 3621 oleum,
610 3546 650 3608 et
666 3535 883 3628 hujusmodi)
901 3544 965 3606 aut
985 3532 1182 3616 rarefactio‚
1200 3533 1370 3607 similiter
1386 3559 1448 3630 per

344 3654 551 3725 violentiam
576 3653 699 3734 indito,
725 3653 861 3748 possint
885 3651 962 3722 lieri
992 3659 1197 3722 constantes
1223 3659 1264 3723 et
1290 3651 1384 3736 lixae,
1412 3663 1448 3724 et

345 3773 445 3866 quasi
462 3779 609 3842 mutetur
625 3771 663 3842 in
679 3781 853 3842 naturam.
879 3767 923 3840 Id
939 3769 1036 3860 quod
1052 3767 1166 3861 primo
1184 3771 1445 3862 experiendum

346 3909 411 3982 per
426 3907 562 3956 moram
578 3886 797 3979 simplicem
815 3885 945 3957 deinde
960 3907 1025 3978 per
1039 3883 1174 3956 auxilia
1189 3895 1229 3956 et
1245 3907 1447 3958 consensus.

347 4003 470 4098 Atque
486 4001 575 4074 illud
592 4001 694 4075 nobis
710 4004 747 4074 in
764 4009 933 4097 promptu
950 3999 1086 4083 fuisset,
1104 3999 1149 4090 (si
1166 4000 1275 4074 modo
1293 4001 1332 4072 in
1349 4025 1449 4074 men·

347 4131 423 4196 tem
439 4122 607 4215 venisset)
625 4143 708 4192 cum
724 4142 853 4214 squam
871 4119 932 4212 (de
949 4141 1020 4212 quo
1041 4116 1126 4190 alibi
1135 4113 1176 4211 u)
1194 4141 1259 4214 per
1274 4118 1449 4192 malleati-
1550 4215 1551 4228 ἵ

546 4337 570 4378 ¹⁸
587 4343 605 4369 ‘¹
615 4337 649 4394 de
660 4353 714 4410 qus
724 4335 824 4394 alibi=”
843 4353 882 4394 rc.
894 4353 977 4408 supra
989 4333 1027 4392 11.
1042 4349 1086 4408 45.
1099 4333 1135 4391 sd
1147 4333 1238 4392 linem.
