3268 5146
314 339 377 409 192
644 337 817 402 NOVUM
841 335 1090 401 ORGANUM.

365 503 554 574 manifesto
579 502 800 585 intumescit,
816 501 978 596 insurgit,
998 509 1037 572 et
1062 501 1198 572 emittit
1224 499 1348 584 bullas,
1364 509 1420 571 at-

365 641 435 710 que
459 625 562 711 urget
584 638 787 709 precanum
812 617 1037 709 expandendi
1062 639 1111 698 se,
1129 616 1243 686 donec
1260 625 1421 688 vertatur

365 733 404 804 in
421 755 546 825 corpus
569 730 674 825 longe
697 731 810 826 magis
827 741 1018 802 extensum
1034 740 1074 802 et
1090 730 1293 814 dilatatum,
1310 753 1418 824 quarn

365 848 412 918 sit
439 849 514 940 ipse
544 846 678 939 liquor:
705 847 770 916 viz.
800 847 837 916 in
867 867 1044 937 vaporem,
1073 854 1136 916 aut
1170 846 1320 927 fumum,
1353 854 1419 916 aut

363 965 492 1034 adrem.

416 1079 630 1150 Ostenditur
649 1077 758 1147 etiam
785 1079 823 1146 in
849 1077 946 1145 omni
974 1074 1072 1168 ligno
1095 1083 1134 1146 et
1155 1074 1418 1158 combustibili;

365 1194 428 1264 ubi
445 1194 488 1265 lit
503 1193 692 1286 aliquando
709 1192 908 1273 exsudatio,
923 1199 962 1262 at
979 1213 1119 1283 semper
1135 1192 1349 1284 evaporatio.

415 1308 630 1380 Ostenditur
664 1309 773 1378 etiam
807 1307 846 1378 in
880 1304 1132 1398 colliquatione
1165 1304 1419 1389 metallorum

364 1449 443 1518 quae
472 1425 569 1514 (cum
598 1425 669 1495 sint
698 1424 852 1516 corporis
886 1422 1175 1516 compactissimi)
1205 1445 1278 1494 non
1312 1422 1418 1494 facila

364 1543 610 1612 intumescunt
631 1547 670 1609 et
692 1561 730 1610 se
752 1538 924 1610 dilatant:
951 1539 1012 1610 sod
1039 1547 1162 1610 tamen
1187 1541 1331 1632 spiritus
1356 1561 1418 1610 eo-

364 1679 454 1738 mm‚
479 1665 667 1750 postquam
697 1655 806 1726 brerit
835 1656 873 1725 in
902 1677 940 1726 se
970 1654 1151 1740 dilatatus,
1178 1662 1216 1726 et
1245 1656 1417 1748 majorem

363 1773 453 1842 adeo
480 1769 725 1842 dilatationem
753 1772 981 1864 concupierit,
1003 1771 1118 1841 trudit
1145 1770 1251 1863 plane
1278 1780 1316 1842 et
1342 1771 1419 1864 agit

363 1895 482 1978 partes
499 1888 683 1959 crassiores
706 1889 743 1956 in
767 1885 955 1978 liquidum.
1007 1884 1114 1970 Quod
1138 1887 1167 1957 si
1191 1887 1301 1958 etiam
1321 1887 1418 1958 calor

364 2001 491 2073 fortius
515 2003 731 2086 intendatur,
748 2001 855 2073 solvit
877 2012 916 2073 et
932 2003 1042 2072 vertit
1063 1999 1220 2072 multum
1244 2025 1290 2073 ex
1312 2003 1356 2074 iis
1378 2003 1416 2072 in

365 2116 520 2189 volatile.

414 2230 627 2305 Ostenditur
643 2234 752 2304 etiam
771 2235 808 2302 in
826 2232 918 2304 fcrro
934 2243 998 2303 aut
1018 2231 1214 2324 lapidibus:
1238 2232 1419 2326 quaelicet

363 2374 435 2421 non
461 2349 645 2443 liquefiant
670 2361 734 2421 aut
759 2350 965 2434 trudantur,
989 2361 1110 2421 tamen
1137 2349 1417 2424 emolliuntur³¹.

364 2465 471 2551 Quod
490 2469 600 2540 ctiam
617 2467 659 2537 fit
674 2467 712 2537 in
729 2465 866 2538 baculis
888 2467 986 2561 ligni,
1004 2489 1086 2559 quae
1103 2466 1277 2540 calefacta
1292 2467 1418 2560 paulu-

363 2581 438 2653 lum
456 2584 494 2654 in
512 2583 690 2656 cineribus
707 2581 832 2655 calidis
849 2583 940 2654 finnt
957 2582 1139 2656 flexibilia.

414 2699 562 2795 Optime
580 2710 703 2773 autem
719 2705 877 2773 cernitur
892 2703 960 2774 iste
977 2712 1097 2774 motus
1113 2705 1150 2774 in
1168 2705 1258 2782 aere,
1276 2703 1336 2795 qni
1355 2726 1419 2796 per

365 2818 536 2912 exiguum
561 2817 717 2888 calorem
742 2839 782 2889 se
806 2817 933 2890 dilatat
958 2819 1128 2890 continuo
1153 2829 1192 2891 st
1216 2819 1417 2901 manifesto,

367 2945 409 3006 ut
425 2958 490 3028 per
505 2931 655 3005 Instant.
671 2938 729 3005 38.
751 2931 834 3004 Tob.
849 2939 883 3005 3.

415 3049 628 3122 Ostenditur
660 3051 769 3122 etiam
808 3051 846 3120 in
879 3059 1007 3121 natura
1039 3054 1216 3123 contraria
1249 3051 1367 3145 frigidi
1376 3047 1418 3122 ³².

364 3165 494 3260 Frigus
511 3167 607 3238 enim
625 3187 731 3236 omne
754 3187 881 3258 corpus
904 3167 1084 3238 contrahit
1108 3177 1147 3238 et
1171 3169 1268 3261 cogit
1293 3167 1330 3238 in
1355 3190 1419 3238 an·

363 3284 524 3377 gustius3
552 3282 641 3353 adeo
668 3291 710 3352 ut
735 3303 798 3374 per
822 3283 962 3354 intensa
984 3283 1115 3377 frigora
1135 3283 1225 3356 clavi
1248 3283 1419 3354 excidant

361 3420 411 3469 ex
426 3398 630 3492 parietibus,
646 3421 715 3469 aera
731 3397 912 3482 dissiliant,
924 3399 1054 3470 vitrum
1073 3400 1183 3471 etiam
1199 3398 1417 3472 calefactum

346 3602 371 3643 ⁸¹
386 3603 478 3658 bacon
495 3602 556 3658 bers
575 3619 661 3658 asama
679 3613 708 3658 to
723 3613 843 3658 watem-
883 3613 931 3660 not
942 3605 1056 3676 actually
1068 3614 1127 3660 trus
1138 3605 1197 3660 that
1208 3605 1324 3678 “nigras
1335 3621 1418 3660 omna

311 3681 382 3752 plats
405 3679 451 3735 tbs
474 3680 623 3752 possibility
641 3681 673 3736 os
694 3681 767 3746 Iron,
789 3680 842 3736 and
883 3698 981 3751 corpus
1010 3681 1171 3738 connubit.”
1205 3682 1265 3737 'lbe
1291 3691 1417 3755 connvy

310 3775 387 3813 sams
404 3757 486 3812 kinds
503 3759 535 3813 ol
552 3757 643 3822 Stena,
656 3767 704 3814 not
720 3760 841 3831 malting.
883 3760 906 3814 is
924 3758 970 3814 the
988 3777 1048 3815 casa
1065 3761 1129 3816 with
1148 3761 1201 3816 loc.
1237 3760 1297 3816 'l'na
1314 3761 1418 3816 Frsncb

311 3835 842 3902 “nemnmsondrubsnnoeknom
883 3839 996 3908 popular
1015 3855 1073 3909 way
1091 3838 1122 3893 ol
1143 3838 1273 3910 speaking
1292 3839 1325 3894 oi
1342 3837 1417 3893 “de-

310 3915 407 3980 srbicb,
438 3914 475 3987 by
504 3933 520 3968 a
552 3914 711 3987 sufficiently
739 3916 842 3970 intense
883 3933 959 3988 grass
977 3916 1008 3970 ol
1025 3915 1124 3981 Cold,''
1137 3917 1249 3987 (arising
1261 3917 1332 3972 from
1348 3917 1418 3972 tbcir

312 3993 392 4057 licat,
404 4011 467 4066 may
475 4000 524 4047 not
534 3991 569 4047 bc
580 3992 687 4056 spelled,
700 3991 753 4048 and
765 3993 841 4048 final·
882 4011 931 4048 usa
944 3994 975 4050 οἱ
991 3993 1150 4050 lienumnr's
1162 3995 1373 4060 stomomate,
1386 4013 1419 4051 so

310 4070 489 4144 lydissipatsd
501 4070 529 4124 in
537 4072 668 4141 vaponr.''
687 4069 842 4126 Herscbel's
882 4070 1029 4142 gmduatsd
1041 4073 1099 4128 tbat
1111 4074 1157 4129 tba
1168 4073 1287 4145 nceshg
1302 4075 1379 4146 point
1394 4077 1417 4130 is

311 4150 465 4214 Disconrse,
479 4149 567 4219 §357-
883 4151 965 4220 sarm)
984 4151 1062 4206 tande
1081 4159 1110 4206 to
1131 4153 1198 4222 keep
1217 4169 1256 4222 up
1276 4153 1331 4208 tbis
1351 4153 1418 4210 falsa

345 4227 372 4268 ³²
383 4227 452 4283 Cold
468 4227 492 4281 is
509 4226 572 4280 bers
587 4225 716 4298 regarded
731 4244 761 4282 aa
773 4245 788 4281 a
800 4245 842 4282 sa-
882 4227 976 4284 notion
988 4229 1019 4284 ol
1027 4229 1150 4286 absoluta
1162 4228 1240 4284 cold.

311 4316 400 4378 parate
419 4305 472 4361 and
493 4303 601 4360 distinct
620 4304 731 4360 Nature.
770 4305 795 4361 lt
818 4307 841 4360 is
