<?xml version="1.0" encoding="UTF-8"?>
<!DOCTYPE html PUBLIC "-//W3C//DTD XHTML 1.0 Transitional//EN"
    "http://www.w3.org/TR/xhtml1/DTD/xhtml1-transitional.dtd">
<html xmlns="http://www.w3.org/1999/xhtml" xml:lang="en" lang="en">
 <head>
  <title>
</title>
<meta http-equiv="Content-Type" content="text/html;charset=utf-8" />
  <meta name='ocr-system' content='tesseract 3.04.00' />
  <meta name='ocr-capabilities' content='ocr_page ocr_carea ocr_par ocr_line ocrx_word'/>
</head>
<body>
  <div class='ocr_page' id='page_1' title='image "./franciscibaconi01kitcgoog_0152.png"; bbox 0 0 3222 5148; ppageno 0'>
   <div class='ocr_carea' id='block_1_1' title="bbox 572 345 1283 432">
    <p class='ocr_par' dir='ltr' id='par_1_1' title="bbox 572 345 1283 432">
     <span class='ocr_line' id='line_1_1' title="bbox 572 345 1283 432; baseline 0 -22"><span class='ocrx_word' id='word_1_1' title='bbox 572 345 660 410; x_wconf 83' lang='lat' dir='ltr'>LIB.</span> <span class='ocrx_word' id='word_1_2' title='bbox 677 345 705 410; x_wconf 93' lang='lat' dir='ltr'>I.</span> <span class='ocrx_word' id='word_1_3' title='bbox 724 347 882 432; x_wconf 74' lang='lat'>125,126.</span> <span class='ocrx_word' id='word_1_4' title='bbox 1219 347 1283 410; x_wconf 77' lang='lat'>123</span> 
     </span>
    </p>
   </div>
   <div class='ocr_carea' id='block_1_2' title="bbox 178 508 1284 2578">
    <p class='ocr_par' dir='ltr' id='par_1_2' title="bbox 178 508 1284 2578">
     <span class='ocr_line' id='line_1_2' title="bbox 179 508 1281 604; baseline 0 -22"><span class='ocrx_word' id='word_1_5' title='bbox 179 508 290 582; x_wconf 74' lang='lat' dir='ltr'>sedo</span> <span class='ocrx_word' id='word_1_6' title='bbox 323 533 346 581; x_wconf 90' lang='lat' dir='ltr'>a</span> <span class='ocrx_word' id='word_1_7' title='bbox 379 519 572 604; x_wconf 69' lang='lat' dir='ltr'>coumectu</span> <span class='ocrx_word' id='word_1_8' title='bbox 605 511 789 582; x_wconf 78' lang='lat' dir='ltr'>amovisse.</span> <span class='ocrx_word' id='word_1_9' title='bbox 845 509 976 602; x_wconf 84' lang='lat' dir='ltr'>Neque</span> <span class='ocrx_word' id='word_1_10' title='bbox 1008 509 1114 582; x_wconf 91' lang='lat' dir='ltr'>aliter</span> <span class='ocrx_word' id='word_1_11' title='bbox 1145 511 1281 582; x_wconf 84' lang='lat' dir='ltr'>fectum</span> 
     </span>
     <span class='ocr_line' id='line_1_3' title="bbox 180 623 1281 720; baseline -0.002 -20"><span class='ocrx_word' id='word_1_12' title='bbox 180 649 256 700; x_wconf 85' lang='lat' dir='ltr'>asse</span> <span class='ocrx_word' id='word_1_13' title='bbox 282 627 428 698; x_wconf 87' lang='lat' dir='ltr'>credere</span> <span class='ocrx_word' id='word_1_14' title='bbox 453 635 550 698; x_wconf 89' lang='lat' dir='ltr'>certo</span> <span class='ocrx_word' id='word_1_15' title='bbox 575 634 727 720; x_wconf 83' lang='lat' dir='ltr'>oportet.</span> <span class='ocrx_word' id='word_1_16' title='bbox 778 623 917 699; x_wconf 86' lang='lat' dir='ltr'>Verum</span> <span class='ocrx_word' id='word_1_17' title='bbox 942 627 1009 698; x_wconf 89' lang='lat' dir='ltr'>nisi</span> <span class='ocrx_word' id='word_1_18' title='bbox 1033 628 1113 720; x_wconf 89' lang='lat' dir='ltr'>quis</span> <span class='ocrx_word' id='word_1_19' title='bbox 1134 629 1281 699; x_wconf 90' lang='lat' dir='ltr'>omnino</span> 
     </span>
     <span class='ocr_line' id='line_1_4' title="bbox 179 741 1281 836; baseline 0 -22"><span class='ocrx_word' id='word_1_20' title='bbox 179 741 313 815; x_wconf 89' lang='lat' dir='ltr'>oblitus</span> <span class='ocrx_word' id='word_1_21' title='bbox 341 743 452 815; x_wconf 87' lang='lat' dir='ltr'>fuerit</span> <span class='ocrx_word' id='word_1_22' title='bbox 480 765 616 826; x_wconf 89' lang='lat' dir='ltr'>corum,</span> <span class='ocrx_word' id='word_1_23' title='bbox 646 767 723 836; x_wconf 82' lang='lat' dir='ltr'>quoe</span> <span class='ocrx_word' id='word_1_24' title='bbox 757 744 918 836; x_wconf 89' lang='lat' dir='ltr'>superius</span> <span class='ocrx_word' id='word_1_25' title='bbox 947 743 1045 814; x_wconf 91' lang='lat' dir='ltr'>dicta</span> <span class='ocrx_word' id='word_1_26' title='bbox 1073 751 1166 825; x_wconf 88' lang='lat' dir='ltr'>sunt,</span> <span class='ocrx_word' id='word_1_27' title='bbox 1195 743 1281 814; x_wconf 91' lang='lat' dir='ltr'>huic</span> 
     </span>
     <span class='ocr_line' id='line_1_5' title="bbox 180 859 1281 953; baseline -0.001 -24"><span class='ocrx_word' id='word_1_28' title='bbox 180 859 372 952; x_wconf 89' lang='lat' dir='ltr'>objectioni</span> <span class='ocrx_word' id='word_1_29' title='bbox 413 860 490 951; x_wconf 79' lang='lat' dir='ltr'>(aut</span> <span class='ocrx_word' id='word_1_30' title='bbox 530 859 694 953; x_wconf 87' lang='lat' dir='ltr'>scrupulo</span> <span class='ocrx_word' id='word_1_31' title='bbox 733 861 867 953; x_wconf 93' lang='lat' dir='ltr'>potius)</span> <span class='ocrx_word' id='word_1_32' title='bbox 901 859 1006 930; x_wconf 88' lang='lat' dir='ltr'>facile</span> <span class='ocrx_word' id='word_1_33' title='bbox 1044 859 1281 952; x_wconf 82' lang='lat' dir='ltr'>respondebit.</span> 
     </span>
     <span class='ocr_line' id='line_1_6' title="bbox 180 973 1281 1069; baseline 0.001 -24"><span class='ocrx_word' id='word_1_34' title='bbox 180 973 349 1048; x_wconf 84' lang='lat' dir='ltr'>Formam</span> <span class='ocrx_word' id='word_1_35' title='bbox 371 977 468 1046; x_wconf 92' lang='lat' dir='ltr'>enim</span> <span class='ocrx_word' id='word_1_36' title='bbox 490 977 692 1069; x_wconf 89' lang='lat' dir='ltr'>inquirendi</span> <span class='ocrx_word' id='word_1_37' title='bbox 718 985 757 1048; x_wconf 88' lang='lat' dir='ltr'>et</span> <span class='ocrx_word' id='word_1_38' title='bbox 782 975 988 1047; x_wconf 83' lang='lat' dir='ltr'>inveniendi</span> <span class='ocrx_word' id='word_1_39' title='bbox 1004 975 1099 1068; x_wconf 88' lang='lat' dir='ltr'>apud</span> <span class='ocrx_word' id='word_1_40' title='bbox 1117 975 1281 1068; x_wconf 88' lang='lat' dir='ltr'>antiquos</span> 
     </span>
     <span class='ocr_line' id='line_1_7' title="bbox 180 1089 1282 1186; baseline -0.002 -22"><span class='ocrx_word' id='word_1_41' title='bbox 180 1103 218 1164; x_wconf 92' lang='lat' dir='ltr'>et</span> <span class='ocrx_word' id='word_1_42' title='bbox 234 1094 303 1186; x_wconf 90' lang='lat' dir='ltr'>ipsi</span> <span class='ocrx_word' id='word_1_43' title='bbox 319 1093 541 1186; x_wconf 82' lang='lat' dir='ltr'>profitemur,</span> <span class='ocrx_word' id='word_1_44' title='bbox 558 1101 597 1164; x_wconf 91' lang='lat' dir='ltr'>et</span> <span class='ocrx_word' id='word_1_45' title='bbox 612 1093 744 1186; x_wconf 88' lang='lat' dir='ltr'>scripta</span> <span class='ocrx_word' id='word_1_46' title='bbox 759 1115 884 1164; x_wconf 90' lang='lat' dir='ltr'>eornm</span> <span class='ocrx_word' id='word_1_47' title='bbox 900 1115 970 1184; x_wconf 84' lang='lat' dir='ltr'>prae</span> <span class='ocrx_word' id='word_1_48' title='bbox 987 1115 1027 1164; x_wconf 89' lang='lat' dir='ltr'>sa</span> <span class='ocrx_word' id='word_1_49' title='bbox 1043 1091 1173 1163; x_wconf 83' lang='lat' dir='ltr'>ferunt.</span> <span class='ocrx_word' id='word_1_50' title='bbox 1227 1089 1282 1162; x_wconf 89' lang='lat' dir='ltr'>Ea</span> 
     </span>
     <span class='ocr_line' id='line_1_8' title="bbox 179 1207 1280 1302; baseline -0.002 -22"><span class='ocrx_word' id='word_1_51' title='bbox 179 1217 302 1280; x_wconf 87' lang='lat' dir='ltr'>sutem</span> <span class='ocrx_word' id='word_1_52' title='bbox 321 1231 394 1279; x_wconf 92' lang='lat' dir='ltr'>non</span> <span class='ocrx_word' id='word_1_53' title='bbox 416 1207 486 1281; x_wconf 90' lang='lat' dir='ltr'>alia</span> <span class='ocrx_word' id='word_1_54' title='bbox 502 1209 584 1293; x_wconf 78' lang='lat' dir='ltr'>fuit,</span> <span class='ocrx_word' id='word_1_55' title='bbox 601 1233 707 1302; x_wconf 89' lang='lat' dir='ltr'>quam</span> <span class='ocrx_word' id='word_1_56' title='bbox 732 1218 775 1281; x_wconf 91' lang='lat' dir='ltr'>nt</span> <span class='ocrx_word' id='word_1_57' title='bbox 800 1209 846 1281; x_wconf 86' lang='lat' dir='ltr'>ab</span> <span class='ocrx_word' id='word_1_58' title='bbox 871 1208 1045 1302; x_wconf 90' lang='lat' dir='ltr'>exemplis</span> <span class='ocrx_word' id='word_1_59' title='bbox 1067 1207 1280 1302; x_wconf 87' lang='lat' dir='ltr'>quibusdam</span> 
     </span>
     <span class='ocr_line' id='line_1_9' title="bbox 179 1324 1281 1419; baseline -0.002 -23"><span class='ocrx_word' id='word_1_60' title='bbox 179 1333 219 1410; x_wconf 87' lang='lat' dir='ltr'>et</span> <span class='ocrx_word' id='word_1_61' title='bbox 245 1325 516 1419; x_wconf 75' lang='lat' dir='ltr'>particularibus</span> <span class='ocrx_word' id='word_1_62' title='bbox 547 1326 691 1416; x_wconf 82' lang='lat' dir='ltr'>(additis</span> <span class='ocrx_word' id='word_1_63' title='bbox 720 1325 925 1397; x_wconf 87' lang='lat' dir='ltr'>notionibus</span> <span class='ocrx_word' id='word_1_64' title='bbox 954 1324 1212 1407; x_wconf 87' lang='lat' dir='ltr'>communibus,</span> <span class='ocrx_word' id='word_1_65' title='bbox 1243 1331 1281 1394; x_wconf 90' lang='lat' dir='ltr'>et</span> 
     </span>
     <span class='ocr_line' id='line_1_10' title="bbox 179 1440 1281 1536; baseline -0.004 -22"><span class='ocrx_word' id='word_1_66' title='bbox 179 1443 329 1514; x_wconf 81' lang='lat' dir='ltr'>fortasse</span> <span class='ocrx_word' id='word_1_67' title='bbox 346 1442 507 1536; x_wconf 85' lang='lat' dir='ltr'>portione</span> <span class='ocrx_word' id='word_1_68' title='bbox 523 1441 694 1513; x_wconf 91' lang='lat' dir='ltr'>nonnulla</span> <span class='ocrx_word' id='word_1_69' title='bbox 710 1465 757 1513; x_wconf 89' lang='lat' dir='ltr'>ex</span> <span class='ocrx_word' id='word_1_70' title='bbox 774 1440 998 1535; x_wconf 81' lang='lat' dir='ltr'>opinionibus</span> <span class='ocrx_word' id='word_1_71' title='bbox 1023 1440 1185 1533; x_wconf 88' lang='lat' dir='ltr'>receptis,</span> <span class='ocrx_word' id='word_1_72' title='bbox 1202 1463 1281 1532; x_wconf 77' lang='lat' dir='ltr'>quae</span> 
     </span>
     <span class='ocr_line' id='line_1_11' title="bbox 178 1555 1282 1651; baseline 0 -23"><span class='ocrx_word' id='word_1_73' title='bbox 178 1559 337 1630; x_wconf 89' lang='lat' dir='ltr'>maxime</span> <span class='ocrx_word' id='word_1_74' title='bbox 353 1557 579 1651; x_wconf 88' lang='lat' dir='ltr'>placuemnt)</span> <span class='ocrx_word' id='word_1_75' title='bbox 596 1559 641 1628; x_wconf 87' lang='lat' dir='ltr'>ad</span> <span class='ocrx_word' id='word_1_76' title='bbox 659 1557 901 1628; x_wconf 77' lang='lat' dir='ltr'>conclusiones</span> <span class='ocrx_word' id='word_1_77' title='bbox 922 1556 1078 1628; x_wconf 82' lang='lat' dir='ltr'>maxime</span> <span class='ocrx_word' id='word_1_78' title='bbox 1097 1555 1282 1650; x_wconf 81' lang='lat' dir='ltr'>generales</span> 
     </span>
     <span class='ocr_line' id='line_1_12' title="bbox 179 1671 1281 1766; baseline -0.003 -21"><span class='ocrx_word' id='word_1_79' title='bbox 179 1674 255 1746; x_wconf 83' lang='lat' dir='ltr'>sire</span> <span class='ocrx_word' id='word_1_80' title='bbox 271 1673 443 1766; x_wconf 90' lang='lat' dir='ltr'>principia</span> <span class='ocrx_word' id='word_1_81' title='bbox 459 1673 686 1745; x_wconf 79' lang='lat' dir='ltr'>scientiarum</span> <span class='ocrx_word' id='word_1_82' title='bbox 705 1671 933 1753; x_wconf 85' lang='lat' dir='ltr'>advolarent;</span> <span class='ocrx_word' id='word_1_83' title='bbox 959 1671 1005 1742; x_wconf 87' lang='lat' dir='ltr'>ad</span> <span class='ocrx_word' id='word_1_84' title='bbox 1022 1694 1174 1762; x_wconf 88' lang='lat' dir='ltr'>quorum</span> <span class='ocrx_word' id='word_1_85' title='bbox 1190 1671 1281 1742; x_wconf 83' lang='lat' dir='ltr'>reri-</span> 
     </span>
     <span class='ocr_line' id='line_1_13' title="bbox 179 1787 1282 1881; baseline -0.002 -22"><span class='ocrx_word' id='word_1_86' title='bbox 179 1797 295 1860; x_wconf 89' lang='lat' dir='ltr'>tatem</span> <span class='ocrx_word' id='word_1_87' title='bbox 321 1790 507 1860; x_wconf 88' lang='lat' dir='ltr'>immotam</span> <span class='ocrx_word' id='word_1_88' title='bbox 534 1797 574 1859; x_wconf 88' lang='lat' dir='ltr'>et</span> <span class='ocrx_word' id='word_1_89' title='bbox 597 1789 718 1872; x_wconf 87' lang='lat' dir='ltr'>fixam,</span> <span class='ocrx_word' id='word_1_90' title='bbox 742 1787 983 1860; x_wconf 90' lang='lat' dir='ltr'>conclusiones</span> <span class='ocrx_word' id='word_1_91' title='bbox 1008 1788 1192 1860; x_wconf 83' lang='lat' dir='ltr'>inferiores</span> <span class='ocrx_word' id='word_1_92' title='bbox 1217 1810 1282 1881; x_wconf 91' lang='lat' dir='ltr'>per</span> 
     </span>
     <span class='ocr_line' id='line_1_14' title="bbox 179 1902 1282 1998; baseline -0.002 -22"><span class='ocrx_word' id='word_1_93' title='bbox 179 1905 299 1976; x_wconf 88' lang='lat' dir='ltr'>media</span> <span class='ocrx_word' id='word_1_94' title='bbox 324 1905 517 1976; x_wconf 86' lang='lat' dir='ltr'>educerent</span> <span class='ocrx_word' id='word_1_95' title='bbox 541 1927 584 1976; x_wconf 89' lang='lat' dir='ltr'>ac</span> <span class='ocrx_word' id='word_1_96' title='bbox 609 1903 818 1998; x_wconf 83' lang='lat' dir='ltr'>probarent3</span> <span class='ocrx_word' id='word_1_97' title='bbox 844 1902 1038 1996; x_wconf 88' lang='lat' dir='ltr'>exquibus</span> <span class='ocrx_word' id='word_1_98' title='bbox 1061 1913 1175 1974; x_wconf 90' lang='lat' dir='ltr'>artem</span> <span class='ocrx_word' id='word_1_99' title='bbox 1198 1926 1282 1974; x_wconf 92' lang='lat' dir='ltr'>con-</span> 
     </span>
     <span class='ocr_line' id='line_1_15' title="bbox 179 2018 1283 2112; baseline -0.003 -19"><span class='ocrx_word' id='word_1_100' title='bbox 179 2021 389 2094; x_wconf 88' lang='lat' dir='ltr'>stituebant.</span> <span class='ocrx_word' id='word_1_101' title='bbox 440 2020 532 2090; x_wconf 86' lang='lat' dir='ltr'>Tum</span> <span class='ocrx_word' id='word_1_102' title='bbox 559 2020 705 2090; x_wconf 87' lang='lat' dir='ltr'>demmn</span> <span class='ocrx_word' id='word_1_103' title='bbox 731 2021 760 2091; x_wconf 92' lang='lat' dir='ltr'>si</span> <span class='ocrx_word' id='word_1_104' title='bbox 786 2042 880 2092; x_wconf 80' lang='lat' dir='ltr'>nova</span> <span class='ocrx_word' id='word_1_105' title='bbox 905 2018 1131 2112; x_wconf 88' lang='lat' dir='ltr'>particularia</span> <span class='ocrx_word' id='word_1_106' title='bbox 1156 2027 1195 2090; x_wconf 89' lang='lat' dir='ltr'>et</span> <span class='ocrx_word' id='word_1_107' title='bbox 1219 2042 1283 2090; x_wconf 90' lang='lat' dir='ltr'>ex-</span> 
     </span>
     <span class='ocr_line' id='line_1_16' title="bbox 179 2135 1284 2232; baseline -0.002 -24"><span class='ocrx_word' id='word_1_108' title='bbox 179 2137 299 2232; x_wconf 87' lang='lat' dir='ltr'>empla</span> <span class='ocrx_word' id='word_1_109' title='bbox 323 2146 423 2208; x_wconf 88' lang='lat' dir='ltr'>mota</span> <span class='ocrx_word' id='word_1_110' title='bbox 446 2145 565 2209; x_wconf 89' lang='lat' dir='ltr'>essent</span> <span class='ocrx_word' id='word_1_111' title='bbox 590 2144 630 2208; x_wconf 94' lang='lat' dir='ltr'>et</span> <span class='ocrx_word' id='word_1_112' title='bbox 653 2137 818 2219; x_wconf 82' lang='lat' dir='ltr'>adducta,</span> <span class='ocrx_word' id='word_1_113' title='bbox 835 2159 913 2228; x_wconf 86' lang='lat' dir='ltr'>quae</span> <span class='ocrx_word' id='word_1_114' title='bbox 933 2135 1070 2229; x_wconf 86' lang='lat' dir='ltr'>placitis</span> <span class='ocrx_word' id='word_1_115' title='bbox 1087 2136 1159 2206; x_wconf 92' lang='lat' dir='ltr'>suis</span> <span class='ocrx_word' id='word_1_116' title='bbox 1175 2135 1284 2206; x_wconf 86' lang='lat' dir='ltr'>refra-</span> 
     </span>
     <span class='ocr_line' id='line_1_17' title="bbox 178 2249 1282 2349; baseline -0.004 -25"><span class='ocrx_word' id='word_1_117' title='bbox 178 2262 370 2349; x_wconf 64' lang='lat' dir='ltr'>gerentum</span> <span class='ocrx_word' id='word_1_118' title='bbox 395 2253 457 2324; x_wconf 92' lang='lat' dir='ltr'>illa</span> <span class='ocrx_word' id='word_1_119' title='bbox 472 2260 536 2324; x_wconf 90' lang='lat' dir='ltr'>aut</span> <span class='ocrx_word' id='word_1_120' title='bbox 555 2275 620 2346; x_wconf 88' lang='lat' dir='ltr'>per</span> <span class='ocrx_word' id='word_1_121' title='bbox 635 2252 890 2334; x_wconf 88' lang='lat' dir='ltr'>distinctiones,</span> <span class='ocrx_word' id='word_1_122' title='bbox 907 2263 971 2321; x_wconf 91' lang='lat' dir='ltr'>aut</span> <span class='ocrx_word' id='word_1_123' title='bbox 994 2273 1058 2343; x_wconf 93' lang='lat' dir='ltr'>per</span> <span class='ocrx_word' id='word_1_124' title='bbox 1079 2249 1282 2344; x_wconf 77' lang='lat' dir='ltr'>regularum</span> 
     </span>
     <span class='ocr_line' id='line_1_18' title="bbox 179 2366 1282 2464; baseline -0.005 -21"><span class='ocrx_word' id='word_1_125' title='bbox 179 2394 324 2443; x_wconf 80' lang='lat' dir='ltr'>sraarmu</span> <span class='ocrx_word' id='word_1_126' title='bbox 337 2368 616 2464; x_wconf 85' lang='lat' dir='ltr'>explanationes,</span> <span class='ocrx_word' id='word_1_127' title='bbox 630 2370 667 2438; x_wconf 91' lang='lat' dir='ltr'>in</span> <span class='ocrx_word' id='word_1_128' title='bbox 681 2369 840 2439; x_wconf 91' lang='lat' dir='ltr'>ordinem</span> <span class='ocrx_word' id='word_1_129' title='bbox 858 2366 1036 2438; x_wconf 88' lang='lat' dir='ltr'>subtiliter</span> <span class='ocrx_word' id='word_1_130' title='bbox 1052 2366 1282 2460; x_wconf 83' lang='lat' dir='ltr'>redigebant;</span> 
     </span>
     <span class='ocr_line' id='line_1_19' title="bbox 179 2483 1283 2578; baseline -0.006 -19"><span class='ocrx_word' id='word_1_131' title='bbox 179 2496 244 2559; x_wconf 87' lang='lat' dir='ltr'>ant</span> <span class='ocrx_word' id='word_1_132' title='bbox 274 2487 420 2558; x_wconf 89' lang='lat' dir='ltr'>demum</span> <span class='ocrx_word' id='word_1_133' title='bbox 448 2507 513 2578; x_wconf 91' lang='lat' dir='ltr'>per</span> <span class='ocrx_word' id='word_1_134' title='bbox 541 2486 771 2577; x_wconf 82' lang='lat' dir='ltr'>exceptiones</span> <span class='ocrx_word' id='word_1_135' title='bbox 799 2505 920 2578; x_wconf 85' lang='lat' dir='ltr'>grosso</span> <span class='ocrx_word' id='word_1_136' title='bbox 946 2483 1053 2554; x_wconf 92' lang='lat' dir='ltr'>modo</span> <span class='ocrx_word' id='word_1_137' title='bbox 1083 2504 1283 2554; x_wconf 83' lang='lat' dir='ltr'>summove-</span> 
     </span>
    </p>
   </div>
   <div class='ocr_carea' id='block_1_3' title="bbox 179 2599 1285 3160">
    <p class='ocr_par' dir='ltr' id='par_1_3' title="bbox 179 2599 1285 3160">
     <span class='ocr_line' id='line_1_20' title="bbox 179 2599 1283 2694; baseline -0.004 -20"><span class='ocrx_word' id='word_1_138' title='bbox 179 2603 287 2676; x_wconf 84' lang='lat' dir='ltr'>bant:</span> <span class='ocrx_word' id='word_1_139' title='bbox 313 2612 351 2674; x_wconf 88' lang='lat' dir='ltr'>at</span> <span class='ocrx_word' id='word_1_140' title='bbox 367 2623 487 2673; x_wconf 84' lang='lat' dir='ltr'>rerum</span> <span class='ocrx_word' id='word_1_141' title='bbox 504 2599 768 2694; x_wconf 86' lang='lat' dir='ltr'>particularium</span> <span class='ocrx_word' id='word_1_142' title='bbox 792 2623 865 2671; x_wconf 89' lang='lat' dir='ltr'>non</span> <span class='ocrx_word' id='word_1_143' title='bbox 888 2600 1143 2694; x_wconf 79' lang='lat' dir='ltr'>refragantium</span> <span class='ocrx_word' id='word_1_144' title='bbox 1161 2619 1283 2670; x_wconf 76' lang='lat' dir='ltr'>cauma</span> 
     </span>
     <span class='ocr_line' id='line_1_21' title="bbox 179 2715 1285 2812; baseline -0.005 -22"><span class='ocrx_word' id='word_1_145' title='bbox 179 2720 226 2790; x_wconf 89' lang='lat' dir='ltr'>ad</span> <span class='ocrx_word' id='word_1_146' title='bbox 244 2717 307 2790; x_wconf 94' lang='lat' dir='ltr'>illa</span> <span class='ocrx_word' id='word_1_147' title='bbox 322 2719 497 2812; x_wconf 88' lang='lat' dir='ltr'>principia</span> <span class='ocrx_word' id='word_1_148' title='bbox 514 2739 577 2787; x_wconf 89' lang='lat' dir='ltr'>sna</span> <span class='ocrx_word' id='word_1_149' title='bbox 593 2715 766 2788; x_wconf 88' lang='lat' dir='ltr'>laboriose</span> <span class='ocrx_word' id='word_1_150' title='bbox 784 2726 822 2786; x_wconf 91' lang='lat' dir='ltr'>et</span> <span class='ocrx_word' id='word_1_151' title='bbox 839 2715 1069 2810; x_wconf 88' lang='lat' dir='ltr'>pertinaciter</span> <span class='ocrx_word' id='word_1_152' title='bbox 1084 2737 1285 2786; x_wconf 88' lang='lat' dir='ltr'>accommo-</span> 
     </span>
     <span class='ocr_line' id='line_1_22' title="bbox 180 2830 1284 2926; baseline -0.005 -20"><span class='ocrx_word' id='word_1_153' title='bbox 180 2835 316 2906; x_wconf 83' lang='lat' dir='ltr'>dabant</span> <span class='ocrx_word' id='word_1_154' title='bbox 326 2830 366 2904; x_wconf 89' lang='lat'>⁷¹.</span> <span class='ocrx_word' id='word_1_155' title='bbox 418 2831 558 2905; x_wconf 90' lang='lat' dir='ltr'>Verum</span> <span class='ocrx_word' id='word_1_156' title='bbox 575 2855 641 2904; x_wconf 90' lang='lat' dir='ltr'>nec</span> <span class='ocrx_word' id='word_1_157' title='bbox 658 2833 803 2903; x_wconf 85' lang='lat' dir='ltr'>historia</span> <span class='ocrx_word' id='word_1_158' title='bbox 822 2831 991 2903; x_wconf 86' lang='lat' dir='ltr'>naturalia</span> <span class='ocrx_word' id='word_1_159' title='bbox 1008 2840 1046 2902; x_wconf 89' lang='lat' dir='ltr'>et</span> <span class='ocrx_word' id='word_1_160' title='bbox 1063 2831 1284 2926; x_wconf 87' lang='lat' dir='ltr'>experientia</span> 
     </span>
     <span class='ocr_line' id='line_1_23' title="bbox 179 2947 1283 3042; baseline -0.004 -22"><span class='ocrx_word' id='word_1_161' title='bbox 179 2947 244 3020; x_wconf 90' lang='lat' dir='ltr'>illa</span> <span class='ocrx_word' id='word_1_162' title='bbox 263 2957 350 3032; x_wconf 86' lang='lat' dir='ltr'>eret,</span> <span class='ocrx_word' id='word_1_163' title='bbox 368 2971 473 3041; x_wconf 91' lang='lat' dir='ltr'>quam</span> <span class='ocrx_word' id='word_1_164' title='bbox 496 2948 605 3020; x_wconf 73' lang='lat' dir='ltr'>flesse</span> <span class='ocrx_word' id='word_1_165' title='bbox 628 2947 814 3042; x_wconf 86' lang='lat' dir='ltr'>oportebat</span> <span class='ocrx_word' id='word_1_166' title='bbox 832 2947 953 3042; x_wconf 79' lang='lat' dir='ltr'>(longe</span> <span class='ocrx_word' id='word_1_167' title='bbox 979 2956 1076 3020; x_wconf 89' lang='lat' dir='ltr'>certe</span> <span class='ocrx_word' id='word_1_168' title='bbox 1100 2947 1227 3042; x_wconf 85' lang='lat' dir='ltr'>abest),</span> <span class='ocrx_word' id='word_1_169' title='bbox 1245 2954 1283 3017; x_wconf 94' lang='lat' dir='ltr'>et</span> 
     </span>
     <span class='ocr_line' id='line_1_24' title="bbox 180 3064 1102 3160; baseline -0.003 -22"><span class='ocrx_word' id='word_1_170' title='bbox 180 3067 250 3138; x_wconf 85' lang='lat' dir='ltr'>ista</span> <span class='ocrx_word' id='word_1_171' title='bbox 265 3065 445 3138; x_wconf 81' lang='lat' dir='ltr'>advolatio</span> <span class='ocrx_word' id='word_1_172' title='bbox 461 3065 507 3136; x_wconf 86' lang='lat' dir='ltr'>ad</span> <span class='ocrx_word' id='word_1_173' title='bbox 522 3064 785 3160; x_wconf 83' lang='lat' dir='ltr'>generalissima</span> <span class='ocrx_word' id='word_1_174' title='bbox 801 3066 922 3136; x_wconf 89' lang='lat' dir='ltr'>omnia</span> <span class='ocrx_word' id='word_1_175' title='bbox 936 3064 1102 3157; x_wconf 90' lang='lat' dir='ltr'>perdidit.</span> 
     </span>
    </p>
   </div>
   <div class='ocr_carea' id='block_1_4' title="bbox 232 3227 1284 3423">
    <p class='ocr_par' dir='ltr' id='par_1_4' title="bbox 232 3227 1284 3423">
     <span class='ocr_line' id='line_1_25' title="bbox 232 3227 1284 3423; baseline -0.01 -17"><span class='ocrx_word' id='word_1_176' title='bbox 232 3332 409 3406; x_wconf 84' lang='lat' dir='ltr'>Occurrat</span> <span class='ocrx_word' id='word_1_177' title='bbox 434 3341 473 3404; x_wconf 90' lang='lat' dir='ltr'>et</span> <span class='ocrx_word' id='word_1_178' title='bbox 499 3331 610 3416; x_wconf 90' lang='lat' dir='ltr'>illud;</span> <span class='ocrx_word' id='word_1_179' title='bbox 633 3227 874 3423; x_wconf 49' lang='grc' dir='ltr'><strong>ξοξξιξῇωι</strong></span> <span class='ocrx_word' id='word_1_180' title='bbox 898 3325 1147 3398; x_wconf 89' lang='lat' dir='ltr'>inhibitionem</span> <span class='ocrx_word' id='word_1_181' title='bbox 1173 3349 1284 3419; x_wconf 87' lang='lat' dir='ltr'>quan·</span> 
     </span>
    </p>
   </div>
   <div class='ocr_carea' id='block_1_5' title="bbox 179 3586 1305 4450">
    <p class='ocr_par' dir='ltr' id='par_1_5' title="bbox 179 3586 1305 4450">
     <span class='ocr_line' id='line_1_26' title="bbox 216 3586 1305 3661; baseline -0.005 -14"><span class='ocrx_word' id='word_1_182' title='bbox 216 3590 241 3632; x_wconf 85' lang='lat'>⁷¹</span> <span class='ocrx_word' id='word_1_183' title='bbox 253 3590 322 3646; x_wconf 84' lang='lat' dir='ltr'>&#39;Ibis</span> <span class='ocrx_word' id='word_1_184' title='bbox 341 3591 364 3646; x_wconf 88' lang='lat' dir='ltr'>is</span> <span class='ocrx_word' id='word_1_185' title='bbox 385 3607 421 3646; x_wconf 88' lang='lat' dir='ltr'>an</span> <span class='ocrx_word' id='word_1_186' title='bbox 437 3589 489 3645; x_wconf 80' lang='lat' dir='ltr'>evil</span> <span class='ocrx_word' id='word_1_187' title='bbox 509 3588 613 3661; x_wconf 76' lang='lat' dir='ltr'>against</span> <span class='ocrx_word' id='word_1_188' title='bbox 626 3588 713 3644; x_wconf 79' lang='lat' dir='ltr'>which</span> <span class='ocrx_word' id='word_1_189' title='bbox 753 3587 839 3644; x_wconf 84' lang='lat' dir='ltr'>found</span> <span class='ocrx_word' id='word_1_190' title='bbox 849 3588 879 3643; x_wconf 92' lang='lat' dir='ltr'>in</span> <span class='ocrx_word' id='word_1_191' title='bbox 890 3587 936 3643; x_wconf 86' lang='lat' dir='ltr'>tbs</span> <span class='ocrx_word' id='word_1_192' title='bbox 947 3587 1043 3660; x_wconf 77' lang='lat' dir='ltr'>wayin</span> <span class='ocrx_word' id='word_1_193' title='bbox 1054 3586 1141 3644; x_wconf 79' lang='lat' dir='ltr'>which</span> <span class='ocrx_word' id='word_1_194' title='bbox 1152 3587 1284 3642; x_wconf 82' lang='lat' dir='ltr'>Astrono-</span> <span class='ocrx_word' id='word_1_195' title='bbox 1301 3615 1305 3624; x_wconf 94' lang='lat'>·</span> 
     </span>
     <span class='ocr_line' id='line_1_27' title="bbox 181 3665 1288 3741; baseline -0.004 -15"><span class='ocrx_word' id='word_1_196' title='bbox 181 3669 275 3726; x_wconf 78' lang='grc' dir='ltr'><strong>Βιοοιι</strong></span> <span class='ocrx_word' id='word_1_197' title='bbox 292 3667 431 3741; x_wconf 74' lang='lat' dir='ltr'>strugglsd</span> <span class='ocrx_word' id='word_1_198' title='bbox 451 3667 528 3724; x_wconf 85' lang='lat' dir='ltr'>baxd.</span> <span class='ocrx_word' id='word_1_199' title='bbox 563 3667 628 3722; x_wconf 82' lang='lat' dir='ltr'>And</span> <span class='ocrx_word' id='word_1_200' title='bbox 647 3685 713 3723; x_wconf 80' lang='lat' dir='ltr'>areu</span> <span class='ocrx_word' id='word_1_201' title='bbox 753 3684 824 3722; x_wconf 87' lang='lat' dir='ltr'>mers</span> <span class='ocrx_word' id='word_1_202' title='bbox 844 3665 951 3722; x_wconf 77' lang='lat' dir='ltr'>notioed</span> <span class='ocrx_word' id='word_1_203' title='bbox 971 3665 1018 3720; x_wconf 86' lang='lat' dir='ltr'>tbe</span> <span class='ocrx_word' id='word_1_204' title='bbox 1037 3665 1235 3737; x_wconf 84' lang='lat' dir='ltr'>pcrtrnbations</span> <span class='ocrx_word' id='word_1_205' title='bbox 1256 3665 1288 3721; x_wconf 80' lang='lat' dir='ltr'>oi</span> 
     </span>
     <span class='ocr_line' id='line_1_28' title="bbox 180 3743 1285 3818; baseline -0.004 -14"><span class='ocrx_word' id='word_1_206' title='bbox 180 3765 243 3804; x_wconf 75' lang='lat' dir='ltr'>now</span> <span class='ocrx_word' id='word_1_207' title='bbox 254 3747 329 3803; x_wconf 80' lang='lat' dir='ltr'>there</span> <span class='ocrx_word' id='word_1_208' title='bbox 346 3748 370 3803; x_wconf 86' lang='lat' dir='ltr'>is</span> <span class='ocrx_word' id='word_1_209' title='bbox 387 3746 453 3818; x_wconf 79' lang='lat' dir='ltr'>peril</span> <span class='ocrx_word' id='word_1_210' title='bbox 464 3745 534 3802; x_wconf 82' lang='lat' dir='ltr'>from</span> <span class='ocrx_word' id='word_1_211' title='bbox 546 3745 621 3801; x_wconf 84' lang='lat' dir='ltr'>“the</span> <span class='ocrx_word' id='word_1_212' title='bbox 638 3747 713 3816; x_wconf 87' lang='lat' dir='ltr'>spirit</span> <span class='ocrx_word' id='word_1_213' title='bbox 754 3745 967 3800; x_wconf 81' lang='lat' dir='ltr'>Uranus-lacts</span> <span class='ocrx_word' id='word_1_214' title='bbox 974 3743 1061 3799; x_wconf 82' lang='lat' dir='ltr'>vrbicb</span> <span class='ocrx_word' id='word_1_215' title='bbox 1073 3746 1227 3817; x_wconf 80' lang='lat' dir='ltr'>apparently</span> <span class='ocrx_word' id='word_1_216' title='bbox 1234 3745 1285 3800; x_wconf 90' lang='lat' dir='ltr'>mi·</span> 
     </span>
     <span class='ocr_line' id='line_1_29' title="bbox 179 3821 1285 3899; baseline -0.004 -17"><span class='ocrx_word' id='word_1_217' title='bbox 179 3826 211 3882; x_wconf 80' lang='lat' dir='ltr'>oi</span> <span class='ocrx_word' id='word_1_218' title='bbox 226 3825 451 3899; x_wconf 56' lang='lat' dir='ltr'>§ysam-mn</span> <span class='ocrx_word' id='word_1_219' title='bbox 462 3822 519 3878; x_wconf 81' lang='lat' dir='ltr'>find</span> <span class='ocrx_word' id='word_1_220' title='bbox 530 3823 552 3878; x_wconf 89' lang='lat' dir='ltr'>it</span> <span class='ocrx_word' id='word_1_221' title='bbox 563 3840 594 3878; x_wconf 89' lang='lat' dir='ltr'>ao</span> <span class='ocrx_word' id='word_1_222' title='bbox 605 3822 672 3878; x_wconf 85' lang='lat' dir='ltr'>hard</span> <span class='ocrx_word' id='word_1_223' title='bbox 683 3832 714 3880; x_wconf 90' lang='lat' dir='ltr'>to</span> <span class='ocrx_word' id='word_1_224' title='bbox 753 3822 845 3876; x_wconf 82' lang='lat' dir='ltr'>litated</span> <span class='ocrx_word' id='word_1_225' title='bbox 856 3822 961 3894; x_wconf 74' lang='lat' dir='ltr'>against</span> <span class='ocrx_word' id='word_1_226' title='bbox 972 3821 1019 3877; x_wconf 87' lang='lat' dir='ltr'>the</span> <span class='ocrx_word' id='word_1_227' title='bbox 1031 3821 1107 3878; x_wconf 82' lang='lat' dir='ltr'>Laws</span> <span class='ocrx_word' id='word_1_228' title='bbox 1119 3825 1151 3878; x_wconf 82' lang='lat' dir='ltr'>oi</span> <span class='ocrx_word' id='word_1_229' title='bbox 1163 3822 1285 3878; x_wconf 76' lang='lat' dir='ltr'>Planctu-</span> 
     </span>
     <span class='ocr_line' id='line_1_30' title="bbox 179 3899 1286 3973; baseline -0.004 -12"><span class='ocrx_word' id='word_1_230' title='bbox 179 3905 338 3961; x_wconf 72' lang='lat' dir='ltr'>belronastr</span> <span class='ocrx_word' id='word_1_231' title='bbox 357 3901 500 3958; x_wconf 76' lang='lat' dir='ltr'>audwben</span> <span class='ocrx_word' id='word_1_232' title='bbox 517 3900 713 3973; x_wconf 84' lang='lat' dir='ltr'>thaybavcar-</span> <span class='ocrx_word' id='word_1_233' title='bbox 753 3919 785 3973; x_wconf 78' lang='lat' dir='ltr'>ry</span> <span class='ocrx_word' id='word_1_234' title='bbox 801 3901 916 3958; x_wconf 87' lang='lat' dir='ltr'>Motion.</span> <span class='ocrx_word' id='word_1_235' title='bbox 951 3901 1027 3973; x_wconf 73' lang='lat' dir='ltr'>&#39;they</span> <span class='ocrx_word' id='word_1_236' title='bbox 1047 3899 1094 3956; x_wconf 90' lang='lat' dir='ltr'>did</span> <span class='ocrx_word' id='word_1_237' title='bbox 1111 3911 1160 3958; x_wconf 87' lang='lat' dir='ltr'>not</span> <span class='ocrx_word' id='word_1_238' title='bbox 1180 3903 1286 3973; x_wconf 74' lang='lat' dir='ltr'>explain</span> 
     </span>
     <span class='ocr_line' id='line_1_31' title="bbox 179 3979 1286 4053; baseline -0.003 -14"><span class='ocrx_word' id='word_1_239' title='bbox 179 3981 255 4040; x_wconf 75' lang='lat' dir='ltr'>tired</span> <span class='ocrx_word' id='word_1_240' title='bbox 266 3991 295 4038; x_wconf 82' lang='grc' dir='ltr'>ιι</span> <span class='ocrx_word' id='word_1_241' title='bbox 306 3982 352 4038; x_wconf 84' lang='lat' dir='ltr'>tbc</span> <span class='ocrx_word' id='word_1_242' title='bbox 362 3989 417 4036; x_wconf 83' lang='lat' dir='ltr'>reat</span> <span class='ocrx_word' id='word_1_243' title='bbox 428 3979 482 4036; x_wconf 89' lang='lat' dir='ltr'>snd</span> <span class='ocrx_word' id='word_1_244' title='bbox 494 3979 610 4053; x_wconf 77' lang='lat' dir='ltr'>quietos</span> <span class='ocrx_word' id='word_1_245' title='bbox 620 3998 637 4035; x_wconf 91' lang='lat' dir='ltr'>a</span> <span class='ocrx_word' id='word_1_246' title='bbox 648 3979 713 4034; x_wconf 84' lang='lat' dir='ltr'>dcii·</span> <span class='ocrx_word' id='word_1_247' title='bbox 753 3997 827 4052; x_wconf 80' lang='lat' dir='ltr'>away</span> <span class='ocrx_word' id='word_1_248' title='bbox 834 3979 880 4036; x_wconf 84' lang='lat' dir='ltr'>tbs</span> <span class='ocrx_word' id='word_1_249' title='bbox 888 3980 958 4046; x_wconf 82' lang='lat' dir='ltr'>faet;</span> <span class='ocrx_word' id='word_1_250' title='bbox 976 3979 1027 4034; x_wconf 88' lang='lat' dir='ltr'>bnt</span> <span class='ocrx_word' id='word_1_251' title='bbox 1038 3979 1139 4051; x_wconf 75' lang='lat' dir='ltr'>sougbt</span> <span class='ocrx_word' id='word_1_252' title='bbox 1150 3981 1185 4035; x_wconf 84' lang='lat' dir='ltr'>its</span> <span class='ocrx_word' id='word_1_253' title='bbox 1196 3997 1286 4046; x_wconf 74' lang='lat' dir='ltr'>musa,</span> 
     </span>
     <span class='ocr_line' id='line_1_32' title="bbox 180 4056 1287 4130; baseline -0.004 -12"><span class='ocrx_word' id='word_1_254' title='bbox 180 4062 238 4118; x_wconf 79' lang='lat' dir='ltr'>uite</span> <span class='ocrx_word' id='word_1_255' title='bbox 259 4061 332 4126; x_wconf 68' lang='lat' dir='ltr'>tar,</span> <span class='ocrx_word' id='word_1_256' title='bbox 349 4060 397 4118; x_wconf 86' lang='lat' dir='ltr'>the</span> <span class='ocrx_word' id='word_1_257' title='bbox 415 4060 573 4130; x_wconf 74' lang='lat' dir='ltr'>temptation</span> <span class='ocrx_word' id='word_1_258' title='bbox 596 4067 626 4114; x_wconf 89' lang='grc' dir='ltr'><strong>ιο</strong></span> <span class='ocrx_word' id='word_1_259' title='bbox 649 4058 714 4115; x_wconf 84' lang='lat' dir='ltr'>shut</span> <span class='ocrx_word' id='word_1_260' title='bbox 754 4057 808 4113; x_wconf 89' lang='lat' dir='ltr'>and</span> <span class='ocrx_word' id='word_1_261' title='bbox 829 4076 860 4113; x_wconf 87' lang='lat' dir='ltr'>so</span> <span class='ocrx_word' id='word_1_262' title='bbox 881 4056 1036 4114; x_wconf 73' lang='lat' dir='ltr'>dneovered</span> <span class='ocrx_word' id='word_1_263' title='bbox 1056 4056 1192 4128; x_wconf 80' lang='lat' dir='ltr'>Neptune.</span> <span class='ocrx_word' id='word_1_264' title='bbox 1227 4057 1287 4114; x_wconf 78' lang='lat' dir='ltr'>&#39;l&#39;bs</span> 
     </span>
     <span class='ocr_line' id='line_1_33' title="bbox 180 4134 1288 4213; baseline -0.005 -17"><span class='ocrx_word' id='word_1_265' title='bbox 180 4141 251 4196; x_wconf 86' lang='lat' dir='ltr'>tbair</span> <span class='ocrx_word' id='word_1_266' title='bbox 270 4157 332 4213; x_wconf 79' lang='lat' dir='ltr'>eyes</span> <span class='ocrx_word' id='word_1_267' title='bbox 352 4139 458 4211; x_wconf 80' lang='lat' dir='ltr'>against</span> <span class='ocrx_word' id='word_1_268' title='bbox 475 4135 607 4194; x_wconf 75' lang='lat' dir='ltr'>whatever</span> <span class='ocrx_word' id='word_1_269' title='bbox 627 4155 713 4194; x_wconf 84' lang='lat' dir='ltr'>seems</span> <span class='ocrx_word' id='word_1_270' title='bbox 753 4136 894 4194; x_wconf 85' lang='lat' dir='ltr'>induction</span> <span class='ocrx_word' id='word_1_271' title='bbox 910 4136 969 4192; x_wconf 81' lang='lat' dir='ltr'>that</span> <span class='ocrx_word' id='word_1_272' title='bbox 984 4135 1039 4191; x_wconf 87' lang='lat' dir='ltr'>bad</span> <span class='ocrx_word' id='word_1_273' title='bbox 1054 4136 1151 4208; x_wconf 75' lang='lat' dir='ltr'>taught</span> <span class='ocrx_word' id='word_1_274' title='bbox 1167 4153 1230 4192; x_wconf 84' lang='lat' dir='ltr'>men</span> <span class='ocrx_word' id='word_1_275' title='bbox 1241 4134 1288 4190; x_wconf 85' lang='lat' dir='ltr'>tha</span> 
     </span>
     <span class='ocr_line' id='line_1_34' title="bbox 180 4215 1286 4292; baseline -0.007 -16"><span class='ocrx_word' id='word_1_276' title='bbox 180 4217 423 4292; x_wconf 66' lang='lat' dir='ltr'>uppoacdtoitis</span> <span class='ocrx_word' id='word_1_277' title='bbox 439 4217 576 4273; x_wconf 74' lang='lat' dir='ltr'>immense</span> <span class='ocrx_word' id='word_1_278' title='bbox 613 4215 714 4272; x_wconf 79' lang='lat' dir='ltr'>orne</span> <span class='ocrx_word' id='word_1_279' title='bbox 756 4215 819 4270; x_wconf 74' lang='lat' dir='ltr'>latr</span> <span class='ocrx_word' id='word_1_280' title='bbox 835 4215 867 4271; x_wconf 86' lang='lat' dir='ltr'>oi</span> <span class='ocrx_word' id='word_1_281' title='bbox 886 4215 1062 4287; x_wconf 82' lang='lat' dir='ltr'>Gnrityrrss</span> <span class='ocrx_word' id='word_1_282' title='bbox 1079 4223 1126 4270; x_wconf 88' lang='lat' dir='ltr'>too</span> <span class='ocrx_word' id='word_1_283' title='bbox 1144 4223 1239 4285; x_wconf 76' lang='lat' dir='ltr'>strong</span> <span class='ocrx_word' id='word_1_284' title='bbox 1256 4221 1286 4268; x_wconf 88' lang='lat' dir='ltr'>to</span> 
     </span>
     <span class='ocr_line' id='line_1_35' title="bbox 181 4291 1286 4368; baseline -0.008 -13"><span class='ocrx_word' id='word_1_285' title='bbox 181 4298 269 4355; x_wconf 79' lang='lat' dir='ltr'>better</span> <span class='ocrx_word' id='word_1_286' title='bbox 290 4315 349 4368; x_wconf 77' lang='lat' dir='ltr'>ny</span> <span class='ocrx_word' id='word_1_287' title='bbox 369 4297 401 4353; x_wconf 79' lang='lat' dir='ltr'>ol</span> <span class='ocrx_word' id='word_1_288' title='bbox 421 4293 565 4368; x_wconf 68' lang='lat' dir='ltr'>regarding</span> <span class='ocrx_word' id='word_1_289' title='bbox 588 4300 713 4366; x_wconf 84' lang='lat' dir='ltr'>“excep·</span> <span class='ocrx_word' id='word_1_290' title='bbox 755 4291 1286 4366; x_wconf 64' lang='lat' dir='ltr'>novennembyanappmnwln-</span> 
     </span>
     <span class='ocr_line' id='line_1_36' title="bbox 181 4373 1098 4450; baseline -0.004 -16"><span class='ocrx_word' id='word_1_291' title='bbox 181 4375 459 4450; x_wconf 58' lang='lat' dir='ltr'>warewast</span> <span class='ocrx_word' id='word_1_292' title='bbox 474 4373 714 4430; x_wconf 83' lang='lat' dir='ltr'>instanccistobs</span> <span class='ocrx_word' id='word_1_293' title='bbox 754 4373 1098 4431; x_wconf 60' lang='lat' dir='ltr'>smmnmtnrtuffl</span> 
     </span>
    </p>
   </div>
   <div class='ocr_carea' id='block_1_6' title="bbox 0 0 1618 5148">
    <p class='ocr_par' dir='ltr' id='par_1_6' title="bbox 0 0 1618 5148">
     <span class='ocr_line' id='line_1_37' title="bbox 0 0 1618 5148; baseline 0 0"><span class='ocrx_word' id='word_1_294' title='bbox 0 0 1618 5148; x_wconf 95' lang='lat' dir='ltr'> </span> 
     </span>
    </p>
   </div>
  </div>
 </body>
</html>
