<?xml version="1.0" encoding="UTF-8"?>
<!DOCTYPE html PUBLIC "-//W3C//DTD XHTML 1.0 Transitional//EN"
    "http://www.w3.org/TR/xhtml1/DTD/xhtml1-transitional.dtd">
<html xmlns="http://www.w3.org/1999/xhtml" xml:lang="en" lang="en">
 <head>
  <title>
</title>
<meta http-equiv="Content-Type" content="text/html;charset=utf-8" />
  <meta name='ocr-system' content='tesseract 3.04.00' />
  <meta name='ocr-capabilities' content='ocr_page ocr_carea ocr_par ocr_line ocrx_word'/>
</head>
<body>
  <div class='ocr_page' id='page_1' title='image "./franciscibaconi01kitcgoog_0322.png"; bbox 0 0 3156 5176; ppageno 0'>
   <div class='ocr_carea' id='block_1_1' title="bbox 595 325 1258 407">
    <p class='ocr_par' dir='ltr' id='par_1_1' title="bbox 595 325 1258 407">
     <span class='ocr_line' id='line_1_1' title="bbox 595 325 1258 407; baseline 0.003 -15"><span class='ocrx_word' id='word_1_1' title='bbox 595 325 683 392; x_wconf 79' lang='lat' dir='ltr'><strong>uin.</strong></span> <span class='ocrx_word' id='word_1_2' title='bbox 706 326 754 391; x_wconf 90' lang='grc' dir='ltr'><strong>ιι.</strong></span> <span class='ocrx_word' id='word_1_3' title='bbox 769 326 822 407; x_wconf 76' lang='lat'><strong>48.</strong></span> <span class='ocrx_word' id='word_1_4' title='bbox 1193 330 1258 397; x_wconf 80' lang='lat' dir='ltr'><strong>ece</strong></span> 
     </span>
    </p>
   </div>
   <div class='ocr_carea' id='block_1_2' title="bbox 161 483 1277 3937">
    <p class='ocr_par' dir='ltr' id='par_1_2' title="bbox 161 483 1272 2659">
     <span class='ocr_line' id='line_1_2' title="bbox 161 483 1260 580; baseline 0.005 -27"><span class='ocrx_word' id='word_1_5' title='bbox 161 483 404 557; x_wconf 81' lang='lat' dir='ltr'><strong>valentissimo</strong></span> <span class='ocrx_word' id='word_1_6' title='bbox 427 484 515 556; x_wconf 87' lang='lat' dir='ltr'><strong>nixu</strong></span> <span class='ocrx_word' id='word_1_7' title='bbox 537 485 595 578; x_wconf 93' lang='lat' dir='ltr'><strong>(ut</strong></span> <span class='ocrx_word' id='word_1_8' title='bbox 619 486 653 555; x_wconf 94' lang='lat' dir='ltr'><strong>in</strong></span> <span class='ocrx_word' id='word_1_9' title='bbox 680 485 826 579; x_wconf 89' lang='lat' dir='ltr'><strong>pulvere</strong></span> <span class='ocrx_word' id='word_1_10' title='bbox 850 484 964 580; x_wconf 89' lang='lat' dir='ltr'><strong>pyrio)</strong></span> <span class='ocrx_word' id='word_1_11' title='bbox 982 487 1149 580; x_wconf 85' lang='lat' dir='ltr'><strong>aspirant.</strong></span> <span class='ocrx_word' id='word_1_12' title='bbox 1201 488 1260 559; x_wconf 91' lang='lat' dir='ltr'><strong>In·</strong></span> 
     </span>
     <span class='ocr_line' id='line_1_3' title="bbox 161 599 1264 696; baseline 0.002 -26"><span class='ocrx_word' id='word_1_13' title='bbox 161 606 363 671; x_wconf 84' lang='lat' dir='ltr'><strong>strumenta</strong></span> <span class='ocrx_word' id='word_1_14' title='bbox 377 607 500 670; x_wconf 91' lang='lat' dir='ltr'><strong>autem</strong></span> <span class='ocrx_word' id='word_1_15' title='bbox 517 599 621 692; x_wconf 86' lang='lat' dir='ltr'><strong>hujus</strong></span> <span class='ocrx_word' id='word_1_16' title='bbox 643 608 772 684; x_wconf 88' lang='lat' dir='ltr'><strong>motus,</strong></span> <span class='ocrx_word' id='word_1_17' title='bbox 790 623 861 671; x_wconf 91' lang='lat' dir='ltr'><strong>non</strong></span> <span class='ocrx_word' id='word_1_18' title='bbox 886 599 961 672; x_wconf 87' lang='lat' dir='ltr'><strong>sola</strong></span> <span class='ocrx_word' id='word_1_19' title='bbox 985 609 1094 684; x_wconf 88' lang='lat' dir='ltr'><strong>certe,</strong></span> <span class='ocrx_word' id='word_1_20' title='bbox 1112 601 1174 672; x_wconf 90' lang='lat' dir='ltr'><strong>sed</strong></span> <span class='ocrx_word' id='word_1_21' title='bbox 1199 625 1264 696; x_wconf 93' lang='lat' dir='ltr'><strong>po-</strong></span> 
     </span>
     <span class='ocr_line' id='line_1_4' title="bbox 162 714 1264 808; baseline 0.002 -22"><span class='ocrx_word' id='word_1_22' title='bbox 162 715 372 799; x_wconf 86' lang='lat' dir='ltr'><strong>tentissima,</strong></span> <span class='ocrx_word' id='word_1_23' title='bbox 389 725 453 786; x_wconf 91' lang='lat' dir='ltr'><strong>aut</strong></span> <span class='ocrx_word' id='word_1_24' title='bbox 478 714 604 788; x_wconf 86' lang='lat' dir='ltr'><strong>saltem</strong></span> <span class='ocrx_word' id='word_1_25' title='bbox 622 715 918 808; x_wconf 80' lang='lat' dir='ltr'><strong>frequentissima,</strong></span> <span class='ocrx_word' id='word_1_26' title='bbox 935 724 1018 788; x_wconf 88' lang='lat' dir='ltr'><strong>sunt</strong></span> <span class='ocrx_word' id='word_1_27' title='bbox 1035 715 1131 788; x_wconf 89' lang='lat' dir='ltr'><strong>calor</strong></span> <span class='ocrx_word' id='word_1_28' title='bbox 1147 725 1186 790; x_wconf 91' lang='lat' dir='ltr'><strong>et</strong></span> <span class='ocrx_word' id='word_1_29' title='bbox 1203 717 1264 788; x_wconf 84' lang='lat' dir='ltr'><strong>iri·</strong></span> 
     </span>
     <span class='ocr_line' id='line_1_5' title="bbox 162 830 1265 926; baseline 0.002 -24"><span class='ocrx_word' id='word_1_30' title='bbox 162 851 239 925; x_wconf 88' lang='lat' dir='ltr'><strong>gns.</strong></span> <span class='ocrx_word' id='word_1_31' title='bbox 291 830 459 925; x_wconf 83' lang='lat' dir='ltr'><strong>Exempli</strong></span> <span class='ocrx_word' id='word_1_32' title='bbox 482 831 615 925; x_wconf 86' lang='lat' dir='ltr'><strong>gratia:</strong></span> <span class='ocrx_word' id='word_1_33' title='bbox 641 834 709 914; x_wconf 84' lang='lat' dir='ltr'><strong>a&#39;e‘r,</strong></span> <span class='ocrx_word' id='word_1_34' title='bbox 727 833 757 902; x_wconf 91' lang='lat' dir='ltr'><strong>si</strong></span> <span class='ocrx_word' id='word_1_35' title='bbox 774 839 1035 924; x_wconf 78' lang='lat' dir='ltr'><strong>pertenentem</strong></span> <span class='ocrx_word' id='word_1_36' title='bbox 1060 833 1176 924; x_wconf 82' lang='lat' dir='ltr'><strong>(velut</strong></span> <span class='ocrx_word' id='word_1_37' title='bbox 1201 855 1265 926; x_wconf 87' lang='lat' dir='ltr'><strong>per</strong></span> 
     </span>
     <span class='ocr_line' id='line_1_6' title="bbox 164 947 1264 1043; baseline 0.001 -25"><span class='ocrx_word' id='word_1_38' title='bbox 164 948 413 1018; x_wconf 87' lang='lat' dir='ltr'><strong>exsuctionem</strong></span> <span class='ocrx_word' id='word_1_39' title='bbox 442 947 480 1018; x_wconf 94' lang='lat' dir='ltr'><strong>in</strong></span> <span class='ocrx_word' id='word_1_40' title='bbox 506 947 580 1018; x_wconf 88' lang='lat' dir='ltr'><strong>ovis</strong></span> <span class='ocrx_word' id='word_1_41' title='bbox 606 947 742 1037; x_wconf 84' lang='lat' dir='ltr'><strong>vitreis)</strong></span> <span class='ocrx_word' id='word_1_42' title='bbox 773 947 953 1033; x_wconf 88' lang='lat' dir='ltr'><strong>dilatetur,</strong></span> <span class='ocrx_word' id='word_1_43' title='bbox 970 971 1100 1043; x_wconf 86' lang='lat' dir='ltr'><strong>magno</strong></span> <span class='ocrx_word' id='word_1_44' title='bbox 1126 948 1264 1020; x_wconf 87' lang='lat' dir='ltr'><strong>laborat</strong></span> 
     </span>
     <span class='ocr_line' id='line_1_7' title="bbox 165 1059 1266 1155; baseline 0 -21"><span class='ocrx_word' id='word_1_45' title='bbox 165 1062 340 1136; x_wconf 87' lang='lat' dir='ltr'><strong>desiderio</strong></span> <span class='ocrx_word' id='word_1_46' title='bbox 369 1063 526 1155; x_wconf 89' lang='lat' dir='ltr'><strong>seipsum</strong></span> <span class='ocrx_word' id='word_1_47' title='bbox 555 1063 778 1134; x_wconf 88' lang='lat' dir='ltr'><strong>restituendi.</strong></span> <span class='ocrx_word' id='word_1_48' title='bbox 834 1059 888 1134; x_wconf 91' lang='lat' dir='ltr'><strong>At</strong></span> <span class='ocrx_word' id='word_1_49' title='bbox 914 1063 1060 1134; x_wconf 89' lang='lat' dir='ltr'><strong>admoto</strong></span> <span class='ocrx_word' id='word_1_50' title='bbox 1089 1061 1266 1147; x_wconf 70' lang='lat' dir='ltr'><strong>calores</strong></span> 
     </span>
     <span class='ocr_line' id='line_1_8' title="bbox 165 1166 1265 1273; baseline -0.003 -20"><span class='ocrx_word' id='word_1_51' title='bbox 165 1188 289 1253; x_wconf 88' lang='lat' dir='ltr'><strong>contra</strong></span> <span class='ocrx_word' id='word_1_52' title='bbox 304 1180 440 1273; x_wconf 89' lang='lat' dir='ltr'><strong>appetit</strong></span> <span class='ocrx_word' id='word_1_53' title='bbox 458 1166 610 1261; x_wconf 84' lang='lat' dir='ltr'><strong>dilateri,</strong></span> <span class='ocrx_word' id='word_1_54' title='bbox 628 1189 666 1250; x_wconf 92' lang='lat' dir='ltr'><strong>et</strong></span> <span class='ocrx_word' id='word_1_55' title='bbox 682 1180 902 1271; x_wconf 74' lang='lat' dir='ltr'><strong>concupiscit</strong></span> <span class='ocrx_word' id='word_1_56' title='bbox 927 1201 1055 1250; x_wconf 82' lang='lat' dir='ltr'><strong>novam</strong></span> <span class='ocrx_word' id='word_1_57' title='bbox 1081 1179 1265 1273; x_wconf 74' lang='lat' dir='ltr'><strong>spheram,</strong></span> 
     </span>
     <span class='ocr_line' id='line_1_9' title="bbox 165 1293 1267 1390; baseline -0.004 -22"><span class='ocrx_word' id='word_1_58' title='bbox 165 1304 205 1368; x_wconf 91' lang='lat' dir='ltr'><strong>et</strong></span> <span class='ocrx_word' id='word_1_59' title='bbox 222 1296 348 1368; x_wconf 75' lang='lat' dir='ltr'><strong>transit</strong></span> <span class='ocrx_word' id='word_1_60' title='bbox 364 1303 403 1366; x_wconf 91' lang='lat' dir='ltr'><strong>ct</strong></span> <span class='ocrx_word' id='word_1_61' title='bbox 419 1295 549 1390; x_wconf 77' lang='lat' dir='ltr'><strong>migrat</strong></span> <span class='ocrx_word' id='word_1_62' title='bbox 572 1295 609 1364; x_wconf 92' lang='lat' dir='ltr'><strong>in</strong></span> <span class='ocrx_word' id='word_1_63' title='bbox 634 1293 733 1365; x_wconf 88' lang='lat' dir='ltr'><strong>illam</strong></span> <span class='ocrx_word' id='word_1_64' title='bbox 759 1293 924 1378; x_wconf 80' lang='lat' dir='ltr'><strong>libenter,</strong></span> <span class='ocrx_word' id='word_1_65' title='bbox 943 1303 1112 1388; x_wconf 87' lang='lat' dir='ltr'><strong>tanquam</strong></span> <span class='ocrx_word' id='word_1_66' title='bbox 1139 1295 1177 1365; x_wconf 89' lang='lat' dir='ltr'><strong>in</strong></span> <span class='ocrx_word' id='word_1_67' title='bbox 1202 1317 1267 1365; x_wconf 91' lang='lat' dir='ltr'><strong>no-</strong></span> 
     </span>
     <span class='ocr_line' id='line_1_10' title="bbox 165 1410 1266 1506; baseline -0.002 -24"><span class='ocrx_word' id='word_1_68' title='bbox 165 1433 247 1482; x_wconf 82' lang='lat' dir='ltr'><strong>vam</strong></span> <span class='ocrx_word' id='word_1_69' title='bbox 272 1412 422 1482; x_wconf 86' lang='lat' dir='ltr'><strong>formam</strong></span> <span class='ocrx_word' id='word_1_70' title='bbox 449 1415 506 1506; x_wconf 90' lang='lat' dir='ltr'><strong>(ut</strong></span> <span class='ocrx_word' id='word_1_71' title='bbox 531 1410 752 1504; x_wconf 86' lang='lat' dir='ltr'><strong>loquuntur.)</strong></span> <span class='ocrx_word' id='word_1_72' title='bbox 805 1410 886 1483; x_wconf 89' lang='lat' dir='ltr'><strong>Nec</strong></span> <span class='ocrx_word' id='word_1_73' title='bbox 913 1421 994 1504; x_wconf 90' lang='lat' dir='ltr'><strong>post</strong></span> <span class='ocrx_word' id='word_1_74' title='bbox 1019 1410 1266 1484; x_wconf 78' lang='lat' dir='ltr'><strong>dilatationem</strong></span> 
     </span>
     <span class='ocr_line' id='line_1_11' title="bbox 165 1526 1267 1620; baseline 0 -23"><span class='ocrx_word' id='word_1_75' title='bbox 165 1527 375 1600; x_wconf 84' lang='lat' dir='ltr'><strong>nonnullam</strong></span> <span class='ocrx_word' id='word_1_76' title='bbox 391 1526 438 1598; x_wconf 90' lang='lat' dir='ltr'><strong>de</strong></span> <span class='ocrx_word' id='word_1_77' title='bbox 461 1527 579 1600; x_wconf 84' lang='lat' dir='ltr'><strong>reditu</strong></span> <span class='ocrx_word' id='word_1_78' title='bbox 596 1535 706 1610; x_wconf 85' lang='lat' dir='ltr'><strong>curat,</strong></span> <span class='ocrx_word' id='word_1_79' title='bbox 724 1527 790 1597; x_wconf 90' lang='lat' dir='ltr'><strong>nisi</strong></span> <span class='ocrx_word' id='word_1_80' title='bbox 809 1550 873 1620; x_wconf 88' lang='lat' dir='ltr'><strong>per</strong></span> <span class='ocrx_word' id='word_1_81' title='bbox 888 1527 1131 1599; x_wconf 90' lang='lat' dir='ltr'><strong>admotionem</strong></span> <span class='ocrx_word' id='word_1_82' title='bbox 1147 1526 1267 1620; x_wconf 82' lang='lat' dir='ltr'><strong>frigidi</strong></span> 
     </span>
     <span class='ocr_line' id='line_1_12' title="bbox 166 1642 1267 1735; baseline -0.002 -22"><span class='ocrx_word' id='word_1_83' title='bbox 166 1643 211 1713; x_wconf 91' lang='lat' dir='ltr'><strong>ad</strong></span> <span class='ocrx_word' id='word_1_84' title='bbox 225 1665 305 1716; x_wconf 85' lang='lat' dir='ltr'><strong>eam</strong></span> <span class='ocrx_word' id='word_1_85' title='bbox 321 1643 507 1728; x_wconf 81' lang='lat' dir='ltr'><strong>invitetur3</strong></span> <span class='ocrx_word' id='word_1_86' title='bbox 524 1665 602 1735; x_wconf 82' lang='lat' dir='ltr'><strong>quae</strong></span> <span class='ocrx_word' id='word_1_87' title='bbox 619 1664 690 1715; x_wconf 91' lang='lat' dir='ltr'><strong>non</strong></span> <span class='ocrx_word' id='word_1_88' title='bbox 709 1642 845 1714; x_wconf 88' lang='lat' dir='ltr'><strong>reditus</strong></span> <span class='ocrx_word' id='word_1_89' title='bbox 862 1651 927 1726; x_wconf 85' lang='lat' dir='ltr'><strong>cst,</strong></span> <span class='ocrx_word' id='word_1_90' title='bbox 940 1643 1002 1714; x_wconf 88' lang='lat' dir='ltr'><strong>scd</strong></span> <span class='ocrx_word' id='word_1_91' title='bbox 1016 1643 1267 1714; x_wconf 76' lang='lat' dir='ltr'><strong>transmutatio</strong></span> 
     </span>
     <span class='ocr_line' id='line_1_13' title="bbox 167 1756 1268 1852; baseline -0.002 -24"><span class='ocrx_word' id='word_1_92' title='bbox 167 1759 329 1851; x_wconf 78' lang='lat' dir='ltr'><strong>repetita.</strong></span> <span class='ocrx_word' id='word_1_93' title='bbox 382 1756 521 1830; x_wconf 82' lang='lat' dir='ltr'><strong>Eodem</strong></span> <span class='ocrx_word' id='word_1_94' title='bbox 541 1759 648 1829; x_wconf 90' lang='lat' dir='ltr'><strong>modo</strong></span> <span class='ocrx_word' id='word_1_95' title='bbox 666 1764 704 1828; x_wconf 90' lang='lat' dir='ltr'><strong>et</strong></span> <span class='ocrx_word' id='word_1_96' title='bbox 720 1781 822 1851; x_wconf 84' lang='lat' dir='ltr'><strong>aqua,</strong></span> <span class='ocrx_word' id='word_1_97' title='bbox 841 1759 869 1828; x_wconf 88' lang='lat' dir='ltr'><strong>si</strong></span> <span class='ocrx_word' id='word_1_98' title='bbox 888 1781 954 1852; x_wconf 88' lang='lat' dir='ltr'><strong>per</strong></span> <span class='ocrx_word' id='word_1_99' title='bbox 970 1757 1268 1850; x_wconf 84' lang='lat' dir='ltr'><strong>compressionem</strong></span> 
     </span>
     <span class='ocr_line' id='line_1_14' title="bbox 167 1872 1269 1968; baseline -0.003 -22"><span class='ocrx_word' id='word_1_100' title='bbox 167 1881 334 1958; x_wconf 87' lang='lat' dir='ltr'><strong>arctetur,</strong></span> <span class='ocrx_word' id='word_1_101' title='bbox 361 1873 582 1960; x_wconf 80' lang='lat' dir='ltr'><strong>recalcitrat3</strong></span> <span class='ocrx_word' id='word_1_102' title='bbox 607 1882 646 1945; x_wconf 91' lang='lat' dir='ltr'><strong>et</strong></span> <span class='ocrx_word' id='word_1_103' title='bbox 673 1873 752 1945; x_wconf 89' lang='lat' dir='ltr'><strong>vult</strong></span> <span class='ocrx_word' id='word_1_104' title='bbox 777 1874 855 1946; x_wconf 86' lang='lat' dir='ltr'><strong>lieri</strong></span> <span class='ocrx_word' id='word_1_105' title='bbox 882 1873 997 1968; x_wconf 85' lang='lat' dir='ltr'><strong>qualis</strong></span> <span class='ocrx_word' id='word_1_106' title='bbox 1024 1873 1103 1956; x_wconf 84' lang='lat' dir='ltr'><strong>fuit,</strong></span> <span class='ocrx_word' id='word_1_107' title='bbox 1131 1872 1269 1944; x_wconf 90' lang='lat' dir='ltr'><strong>scilicet</strong></span> 
     </span>
     <span class='ocr_line' id='line_1_15' title="bbox 170 1987 1269 2082; baseline -0.004 -22"><span class='ocrx_word' id='word_1_108' title='bbox 170 1989 284 2062; x_wconf 87' lang='lat' dir='ltr'><strong>latior.</strong></span> <span class='ocrx_word' id='word_1_109' title='bbox 334 1987 388 2060; x_wconf 88' lang='lat' dir='ltr'><strong>At</strong></span> <span class='ocrx_word' id='word_1_110' title='bbox 412 1988 442 2060; x_wconf 90' lang='lat' dir='ltr'><strong>si</strong></span> <span class='ocrx_word' id='word_1_111' title='bbox 467 1989 682 2061; x_wconf 80' lang='lat' dir='ltr'><strong>interveniat</strong></span> <span class='ocrx_word' id='word_1_112' title='bbox 700 1989 811 2082; x_wconf 85' lang='lat' dir='ltr'><strong>frigus</strong></span> <span class='ocrx_word' id='word_1_113' title='bbox 831 1989 1012 2060; x_wconf 89' lang='lat' dir='ltr'><strong>intensum</strong></span> <span class='ocrx_word' id='word_1_114' title='bbox 1029 1997 1068 2058; x_wconf 91' lang='lat' dir='ltr'><strong>et</strong></span> <span class='ocrx_word' id='word_1_115' title='bbox 1084 1988 1269 2058; x_wconf 90' lang='lat' dir='ltr'><strong>continua-</strong></span> 
     </span>
     <span class='ocr_line' id='line_1_16' title="bbox 168 2102 1268 2198; baseline -0.003 -24"><span class='ocrx_word' id='word_1_116' title='bbox 168 2112 260 2186; x_wconf 88' lang='lat' dir='ltr'><strong>tum,</strong></span> <span class='ocrx_word' id='word_1_117' title='bbox 272 2113 391 2176; x_wconf 89' lang='lat' dir='ltr'><strong>mutat</strong></span> <span class='ocrx_word' id='word_1_118' title='bbox 406 2125 445 2176; x_wconf 86' lang='lat' dir='ltr'><strong>se</strong></span> <span class='ocrx_word' id='word_1_119' title='bbox 461 2111 588 2198; x_wconf 88' lang='lat' dir='ltr'><strong>sponte</strong></span> <span class='ocrx_word' id='word_1_120' title='bbox 605 2112 723 2176; x_wconf 89' lang='lat' dir='ltr'><strong>suaet</strong></span> <span class='ocrx_word' id='word_1_121' title='bbox 739 2102 891 2175; x_wconf 88' lang='lat' dir='ltr'><strong>libenter</strong></span> <span class='ocrx_word' id='word_1_122' title='bbox 903 2105 940 2174; x_wconf 89' lang='lat' dir='ltr'><strong>iu</strong></span> <span class='ocrx_word' id='word_1_123' title='bbox 954 2103 1268 2176; x_wconf 78' lang='lat' dir='ltr'><strong>condennationem</strong></span> 
     </span>
     <span class='ocr_line' id='line_1_17' title="bbox 168 2219 1271 2315; baseline -0.002 -25"><span class='ocrx_word' id='word_1_124' title='bbox 168 2219 318 2315; x_wconf 84' lang='lat' dir='ltr'><strong>glaciei:</strong></span> <span class='ocrx_word' id='word_1_125' title='bbox 342 2229 451 2312; x_wconf 83' lang='lat' dir='ltr'><strong>atque</strong></span> <span class='ocrx_word' id='word_1_126' title='bbox 467 2221 496 2291; x_wconf 90' lang='lat' dir='ltr'><strong>si</strong></span> <span class='ocrx_word' id='word_1_127' title='bbox 513 2219 620 2313; x_wconf 90' lang='lat' dir='ltr'><strong>plane</strong></span> <span class='ocrx_word' id='word_1_128' title='bbox 636 2220 865 2290; x_wconf 89' lang='lat' dir='ltr'><strong>continuetur</strong></span> <span class='ocrx_word' id='word_1_129' title='bbox 881 2219 1001 2313; x_wconf 87' lang='lat' dir='ltr'><strong>frigus,</strong></span> <span class='ocrx_word' id='word_1_130' title='bbox 1018 2240 1086 2289; x_wconf 91' lang='lat' dir='ltr'><strong>nec</strong></span> <span class='ocrx_word' id='word_1_131' title='bbox 1102 2241 1124 2289; x_wconf 88' lang='lat' dir='ltr'><strong>a</strong></span> <span class='ocrx_word' id='word_1_132' title='bbox 1140 2219 1271 2311; x_wconf 88' lang='lat' dir='ltr'><strong>tepori-</strong></span> 
     </span>
     <span class='ocr_line' id='line_1_18' title="bbox 170 2331 1270 2429; baseline -0.002 -23"><span class='ocrx_word' id='word_1_133' title='bbox 170 2335 236 2408; x_wconf 86' lang='lat' dir='ltr'><strong>bus</strong></span> <span class='ocrx_word' id='word_1_134' title='bbox 253 2337 531 2429; x_wconf 88' lang='lat' dir='ltr'><strong>interrumpatur</strong></span> <span class='ocrx_word' id='word_1_135' title='bbox 553 2333 610 2425; x_wconf 84' lang='lat' dir='ltr'><strong>(ut</strong></span> <span class='ocrx_word' id='word_1_136' title='bbox 626 2334 669 2405; x_wconf 90' lang='lat' dir='ltr'><strong>fit</strong></span> <span class='ocrx_word' id='word_1_137' title='bbox 684 2335 723 2404; x_wconf 90' lang='lat' dir='ltr'><strong>iu</strong></span> <span class='ocrx_word' id='word_1_138' title='bbox 740 2334 917 2428; x_wconf 85' lang='lat' dir='ltr'><strong>speluncis</strong></span> <span class='ocrx_word' id='word_1_139' title='bbox 934 2344 972 2405; x_wconf 89' lang='lat' dir='ltr'><strong>ct</strong></span> <span class='ocrx_word' id='word_1_140' title='bbox 988 2335 1146 2406; x_wconf 82' lang='lat' dir='ltr'><strong>cevemia</strong></span> <span class='ocrx_word' id='word_1_141' title='bbox 1163 2331 1270 2426; x_wconf 89' lang='lat' dir='ltr'><strong>paulo</strong></span> 
     </span>
     <span class='ocr_line' id='line_1_19' title="bbox 169 2449 1272 2544; baseline -0.003 -22"><span class='ocrx_word' id='word_1_142' title='bbox 169 2451 481 2544; x_wconf 83' lang='lat' dir='ltr'><strong>profundioribus),</strong></span> <span class='ocrx_word' id='word_1_143' title='bbox 494 2450 645 2522; x_wconf 87' lang='lat' dir='ltr'><strong>vertitur</strong></span> <span class='ocrx_word' id='word_1_144' title='bbox 661 2451 696 2520; x_wconf 93' lang='lat' dir='ltr'><strong>in</strong></span> <span class='ocrx_word' id='word_1_145' title='bbox 716 2449 929 2544; x_wconf 82' lang='lat' dir='ltr'><strong>crystallum,</strong></span> <span class='ocrx_word' id='word_1_146' title='bbox 942 2459 1005 2521; x_wconf 89' lang='lat' dir='ltr'><strong>aut</strong></span> <span class='ocrx_word' id='word_1_147' title='bbox 1022 2449 1208 2521; x_wconf 88' lang='lat' dir='ltr'><strong>materiam</strong></span> <span class='ocrx_word' id='word_1_148' title='bbox 1226 2449 1272 2519; x_wconf 90' lang='lat' dir='ltr'><strong>si·</strong></span> 
     </span>
     <span class='ocr_line' id='line_1_20' title="bbox 170 2564 790 2659; baseline -0.002 -23"><span class='ocrx_word' id='word_1_149' title='bbox 170 2564 303 2648; x_wconf 89' lang='lat' dir='ltr'><strong>milem,</strong></span> <span class='ocrx_word' id='word_1_150' title='bbox 321 2589 388 2638; x_wconf 91' lang='lat' dir='ltr'><strong>neo</strong></span> <span class='ocrx_word' id='word_1_151' title='bbox 405 2588 563 2659; x_wconf 85' lang='lat' dir='ltr'><strong>unquam</strong></span> <span class='ocrx_word' id='word_1_152' title='bbox 580 2565 790 2636; x_wconf 82' lang='lat' dir='ltr'><strong>restituitur.</strong></span> 
     </span>
    </p>

    <p class='ocr_par' dir='ltr' id='par_1_3' title="bbox 172 2677 1277 3937">
     <span class='ocr_line' id='line_1_21' title="bbox 224 2677 1274 2773; baseline -0.002 -21"><span class='ocrx_word' id='word_1_153' title='bbox 224 2681 292 2772; x_wconf 87' lang='grc'>(5.)</span> <span class='ocrx_word' id='word_1_154' title='bbox 321 2681 377 2754; x_wconf 89' lang='lat' dir='ltr'><strong>Sit</strong></span> <span class='ocrx_word' id='word_1_155' title='bbox 402 2691 522 2753; x_wconf 90' lang='lat' dir='ltr'><strong>motus</strong></span> <span class='ocrx_word' id='word_1_156' title='bbox 546 2681 701 2773; x_wconf 90' lang='lat' dir='ltr'><strong>quintus,</strong></span> <span class='ocrx_word' id='word_1_157' title='bbox 720 2690 839 2753; x_wconf 86' lang='lat' dir='ltr'><strong>motus</strong></span> <span class='ocrx_word' id='word_1_158' title='bbox 864 2677 1192 2753; x_wconf 80' lang='lat' dir='ltr'><strong>continuaticaia⁷⁴:</strong></span> <span class='ocrx_word' id='word_1_159' title='bbox 1219 2681 1274 2751; x_wconf 91' lang='lat' dir='ltr'><strong>in-</strong></span> 
     </span>
     <span class='ocr_line' id='line_1_22' title="bbox 173 2795 1274 2892; baseline -0.002 -24"><span class='ocrx_word' id='word_1_160' title='bbox 173 2796 367 2892; x_wconf 87' lang='lat' dir='ltr'><strong>telligimus</strong></span> <span class='ocrx_word' id='word_1_161' title='bbox 392 2805 516 2871; x_wconf 86' lang='lat' dir='ltr'><strong>autem</strong></span> <span class='ocrx_word' id='word_1_162' title='bbox 540 2819 613 2868; x_wconf 91' lang='lat' dir='ltr'><strong>non</strong></span> <span class='ocrx_word' id='word_1_163' title='bbox 638 2797 918 2869; x_wconf 81' lang='lat' dir='ltr'><strong>continuationis</strong></span> <span class='ocrx_word' id='word_1_164' title='bbox 945 2796 1114 2890; x_wconf 88' lang='lat' dir='ltr'><strong>simplicis</strong></span> <span class='ocrx_word' id='word_1_165' title='bbox 1140 2803 1179 2868; x_wconf 89' lang='lat' dir='ltr'><strong>et</strong></span> <span class='ocrx_word' id='word_1_166' title='bbox 1204 2795 1274 2889; x_wconf 89' lang='lat' dir='ltr'><strong>pri-</strong></span> 
     </span>
     <span class='ocr_line' id='line_1_23' title="bbox 172 2911 1273 3008; baseline -0.003 -24"><span class='ocrx_word' id='word_1_167' title='bbox 172 2915 302 2998; x_wconf 86' lang='lat' dir='ltr'><strong>mariae,</strong></span> <span class='ocrx_word' id='word_1_168' title='bbox 319 2936 402 2987; x_wconf 91' lang='lat' dir='ltr'><strong>cum</strong></span> <span class='ocrx_word' id='word_1_169' title='bbox 420 2936 566 3007; x_wconf 90' lang='lat' dir='ltr'><strong>corpore</strong></span> <span class='ocrx_word' id='word_1_170' title='bbox 590 2912 710 3007; x_wconf 85' lang='lat' dir='ltr'><strong>aliquo</strong></span> <span class='ocrx_word' id='word_1_171' title='bbox 731 2911 846 2986; x_wconf 87' lang='lat' dir='ltr'><strong>altaro</strong></span> <span class='ocrx_word' id='word_1_172' title='bbox 862 2911 963 3008; x_wconf 87' lang='lat' dir='ltr'><strong>(nam</strong></span> <span class='ocrx_word' id='word_1_173' title='bbox 985 2912 1047 2984; x_wconf 91' lang='lat' dir='ltr'><strong>ille</strong></span> <span class='ocrx_word' id='word_1_174' title='bbox 1073 2921 1128 2984; x_wconf 88' lang='lat' dir='ltr'><strong>est</strong></span> <span class='ocrx_word' id='word_1_175' title='bbox 1154 2919 1273 2982; x_wconf 91' lang='lat' dir='ltr'><strong>motus</strong></span> 
     </span>
     <span class='ocr_line' id='line_1_24' title="bbox 173 3024 1275 3123; baseline -0.004 -21"><span class='ocrx_word' id='word_1_176' title='bbox 173 3032 319 3123; x_wconf 71' lang='lat' dir='ltr'><strong>ccmu);</strong></span> <span class='ocrx_word' id='word_1_177' title='bbox 344 3030 406 3101; x_wconf 90' lang='lat' dir='ltr'><strong>sed</strong></span> <span class='ocrx_word' id='word_1_178' title='bbox 425 3031 701 3102; x_wconf 85' lang='lat' dir='ltr'><strong>continuationis</strong></span> <span class='ocrx_word' id='word_1_179' title='bbox 717 3030 784 3114; x_wconf 89' lang='lat' dir='ltr'><strong>sui,</strong></span> <span class='ocrx_word' id='word_1_180' title='bbox 801 3029 838 3098; x_wconf 87' lang='lat' dir='ltr'><strong>in</strong></span> <span class='ocrx_word' id='word_1_181' title='bbox 855 3051 1002 3121; x_wconf 88' lang='lat' dir='ltr'><strong>corpora</strong></span> <span class='ocrx_word' id='word_1_182' title='bbox 1028 3035 1137 3098; x_wconf 88' lang='lat' dir='ltr'><strong>certo.</strong></span> <span class='ocrx_word' id='word_1_183' title='bbox 1188 3024 1275 3098; x_wconf 82' lang='lat' dir='ltr'><strong>Cer·</strong></span> 
     </span>
     <span class='ocr_line' id='line_1_25' title="bbox 173 3140 1273 3239; baseline -0.005 -21"><span class='ocrx_word' id='word_1_184' title='bbox 173 3148 349 3220; x_wconf 88' lang='lat' dir='ltr'><strong>tissimum</strong></span> <span class='ocrx_word' id='word_1_185' title='bbox 380 3147 476 3218; x_wconf 86' lang='lat' dir='ltr'><strong>enim</strong></span> <span class='ocrx_word' id='word_1_186' title='bbox 507 3155 571 3227; x_wconf 90' lang='lat' dir='ltr'><strong>est,</strong></span> <span class='ocrx_word' id='word_1_187' title='bbox 602 3147 699 3239; x_wconf 92' lang='lat' dir='ltr'><strong>quod</strong></span> <span class='ocrx_word' id='word_1_188' title='bbox 728 3167 875 3238; x_wconf 91' lang='lat' dir='ltr'><strong>corpora</strong></span> <span class='ocrx_word' id='word_1_189' title='bbox 907 3144 1027 3215; x_wconf 89' lang='lat' dir='ltr'><strong>omnia</strong></span> <span class='ocrx_word' id='word_1_190' title='bbox 1059 3140 1273 3213; x_wconf 88' lang='lat' dir='ltr'><strong>solutionem</strong></span> 
     </span>
     <span class='ocr_line' id='line_1_26' title="bbox 173 3258 1274 3354; baseline -0.007 -18"><span class='ocrx_word' id='word_1_191' title='bbox 173 3263 421 3336; x_wconf 77' lang='lat' dir='ltr'><strong>continuitatis</strong></span> <span class='ocrx_word' id='word_1_192' title='bbox 449 3262 672 3344; x_wconf 84' lang='lat' dir='ltr'><strong>exhorreant,</strong></span> <span class='ocrx_word' id='word_1_193' title='bbox 702 3259 772 3332; x_wconf 88' lang='lat' dir='ltr'><strong>alia</strong></span> <span class='ocrx_word' id='word_1_194' title='bbox 801 3261 924 3354; x_wconf 88' lang='lat' dir='ltr'><strong>magis,</strong></span> <span class='ocrx_word' id='word_1_195' title='bbox 955 3258 1024 3330; x_wconf 90' lang='lat' dir='ltr'><strong>alia</strong></span> <span class='ocrx_word' id='word_1_196' title='bbox 1052 3259 1181 3340; x_wconf 86' lang='lat' dir='ltr'><strong>minus,</strong></span> <span class='ocrx_word' id='word_1_197' title='bbox 1210 3258 1274 3329; x_wconf 88' lang='lat' dir='ltr'><strong>scd</strong></span> 
     </span>
     <span class='ocr_line' id='line_1_27' title="bbox 173 3372 1275 3471; baseline -0.005 -21"><span class='ocrx_word' id='word_1_198' title='bbox 173 3380 295 3450; x_wconf 87' lang='lat' dir='ltr'><strong>omnia</strong></span> <span class='ocrx_word' id='word_1_199' title='bbox 310 3377 544 3471; x_wconf 88' lang='lat' dir='ltr'><strong>aliquatenus.</strong></span> <span class='ocrx_word' id='word_1_200' title='bbox 581 3377 678 3449; x_wconf 91' lang='lat' dir='ltr'><strong>Nam</strong></span> <span class='ocrx_word' id='word_1_201' title='bbox 696 3385 738 3448; x_wconf 91' lang='lat' dir='ltr'><strong>ut</strong></span> <span class='ocrx_word' id='word_1_202' title='bbox 753 3377 792 3447; x_wconf 93' lang='lat' dir='ltr'><strong>in</strong></span> <span class='ocrx_word' id='word_1_203' title='bbox 808 3375 1013 3470; x_wconf 88' lang='lat' dir='ltr'><strong>corporibus</strong></span> <span class='ocrx_word' id='word_1_204' title='bbox 1029 3373 1126 3445; x_wconf 89' lang='lat' dir='ltr'><strong>duria</strong></span> <span class='ocrx_word' id='word_1_205' title='bbox 1147 3372 1275 3465; x_wconf 86' lang='lat' dir='ltr'><strong>(veluti</strong></span> 
     </span>
     <span class='ocr_line' id='line_1_28' title="bbox 173 3490 1277 3590; baseline -0.008 -21"><span class='ocrx_word' id='word_1_206' title='bbox 173 3497 344 3590; x_wconf 84' lang='lat' dir='ltr'><strong>chalybis,</strong></span> <span class='ocrx_word' id='word_1_207' title='bbox 362 3496 462 3585; x_wconf 84' lang='lat' dir='ltr'><strong>vitri)</strong></span> <span class='ocrx_word' id='word_1_208' title='bbox 480 3495 669 3567; x_wconf 85' lang='lat' dir='ltr'><strong>reluctatio</strong></span> <span class='ocrx_word' id='word_1_209' title='bbox 694 3505 818 3565; x_wconf 88' lang='lat' dir='ltr'><strong>contra</strong></span> <span class='ocrx_word' id='word_1_210' title='bbox 844 3490 1204 3564; x_wconf 88' lang='lat' dir='ltr'><strong>discontinuaticnem</strong></span> <span class='ocrx_word' id='word_1_211' title='bbox 1220 3497 1277 3561; x_wconf 88' lang='lat' dir='ltr'><strong>est</strong></span> 
     </span>
     <span class='ocr_line' id='line_1_29' title="bbox 174 3604 1277 3708; baseline -0.008 -23"><span class='ocrx_word' id='word_1_212' title='bbox 174 3613 332 3685; x_wconf 81' lang='lat' dir='ltr'><strong>maxime</strong></span> <span class='ocrx_word' id='word_1_213' title='bbox 349 3611 494 3684; x_wconf 87' lang='lat' dir='ltr'><strong>robusta</strong></span> <span class='ocrx_word' id='word_1_214' title='bbox 511 3621 550 3684; x_wconf 91' lang='lat' dir='ltr'><strong>et</strong></span> <span class='ocrx_word' id='word_1_215' title='bbox 566 3610 701 3694; x_wconf 87' lang='lat' dir='ltr'><strong>valida;</strong></span> <span class='ocrx_word' id='word_1_216' title='bbox 727 3610 779 3682; x_wconf 88' lang='lat' dir='ltr'><strong>ita</strong></span> <span class='ocrx_word' id='word_1_217' title='bbox 801 3610 910 3680; x_wconf 87' lang='lat' dir='ltr'><strong>etiam</strong></span> <span class='ocrx_word' id='word_1_218' title='bbox 928 3608 964 3678; x_wconf 91' lang='lat' dir='ltr'><strong>in</strong></span> <span class='ocrx_word' id='word_1_219' title='bbox 989 3607 1197 3701; x_wconf 90' lang='lat' dir='ltr'><strong>liquoribus,</strong></span> <span class='ocrx_word' id='word_1_220' title='bbox 1215 3604 1277 3708; x_wconf 91' lang='lat' dir='ltr'><strong>uhi</strong></span> 
     </span>
     <span class='ocr_line' id='line_1_30' title="bbox 175 3721 1277 3821; baseline -0.008 -21"><span class='ocrx_word' id='word_1_221' title='bbox 175 3749 312 3800; x_wconf 87' lang='lat' dir='ltr'><strong>cessare</strong></span> <span class='ocrx_word' id='word_1_222' title='bbox 338 3735 402 3798; x_wconf 88' lang='lat' dir='ltr'><strong>aut</strong></span> <span class='ocrx_word' id='word_1_223' title='bbox 428 3725 597 3821; x_wconf 87' lang='lat' dir='ltr'><strong>languere</strong></span> <span class='ocrx_word' id='word_1_224' title='bbox 623 3725 750 3796; x_wconf 87' lang='lat' dir='ltr'><strong>saltem</strong></span> <span class='ocrx_word' id='word_1_225' title='bbox 777 3725 919 3797; x_wconf 83' lang='lat' dir='ltr'><strong>videtur</strong></span> <span class='ocrx_word' id='word_1_226' title='bbox 944 3733 1064 3796; x_wconf 87' lang='lat' dir='ltr'><strong>motus</strong></span> <span class='ocrx_word' id='word_1_227' title='bbox 1092 3721 1277 3816; x_wconf 89' lang='lat' dir='ltr'><strong>ejusmodi,</strong></span> 
     </span>
     <span class='ocr_line' id='line_1_31' title="bbox 175 3837 1277 3937; baseline -0.006 -21"><span class='ocrx_word' id='word_1_228' title='bbox 175 3855 297 3916; x_wconf 89' lang='lat' dir='ltr'><strong>tamen</strong></span> <span class='ocrx_word' id='word_1_229' title='bbox 323 3866 396 3916; x_wconf 92' lang='lat' dir='ltr'><strong>nou</strong></span> <span class='ocrx_word' id='word_1_230' title='bbox 421 3865 561 3936; x_wconf 89' lang='lat' dir='ltr'><strong>prorsus</strong></span> <span class='ocrx_word' id='word_1_231' title='bbox 586 3843 760 3937; x_wconf 89' lang='lat' dir='ltr'><strong>reperitur</strong></span> <span class='ocrx_word' id='word_1_232' title='bbox 781 3842 932 3935; x_wconf 84' lang='lat' dir='ltr'><strong>privatio</strong></span> <span class='ocrx_word' id='word_1_233' title='bbox 957 3841 1056 3934; x_wconf 87' lang='lat' dir='ltr'><strong>ejus;</strong></span> <span class='ocrx_word' id='word_1_234' title='bbox 1082 3841 1146 3912; x_wconf 89' lang='lat' dir='ltr'><strong>scd</strong></span> <span class='ocrx_word' id='word_1_235' title='bbox 1170 3837 1277 3933; x_wconf 87' lang='lat' dir='ltr'><strong>plane</strong></span> 
     </span>
    </p>
   </div>
   <div class='ocr_carea' id='block_1_3' title="bbox 176 4073 1280 4392">
    <p class='ocr_par' dir='ltr' id='par_1_4' title="bbox 176 4073 1280 4392">
     <span class='ocr_line' id='line_1_32' title="bbox 212 4073 1279 4158; baseline -0.008 -17"><span class='ocrx_word' id='word_1_236' title='bbox 212 4083 238 4126; x_wconf 86' lang='lat'><strong>⁷⁴</strong></span> <span class='ocrx_word' id='word_1_237' title='bbox 255 4084 322 4140; x_wconf 78' lang='lat' dir='ltr'><strong>&#39;l&#39;hia</strong></span> <span class='ocrx_word' id='word_1_238' title='bbox 334 4085 447 4158; x_wconf 79' lang='lat' dir='ltr'><strong>agninis</strong></span> <span class='ocrx_word' id='word_1_239' title='bbox 460 4103 496 4140; x_wconf 91' lang='lat' dir='ltr'><strong>no</strong></span> <span class='ocrx_word' id='word_1_240' title='bbox 507 4084 603 4140; x_wconf 75' lang='lat' dir='ltr'><strong>motion</strong></span> <span class='ocrx_word' id='word_1_241' title='bbox 618 4093 646 4140; x_wconf 86' lang='lat' dir='ltr'><strong>at</strong></span> <span class='ocrx_word' id='word_1_242' title='bbox 662 4085 707 4148; x_wconf 86' lang='lat' dir='ltr'><strong>all,</strong></span> <span class='ocrx_word' id='word_1_243' title='bbox 748 4083 798 4139; x_wconf 85' lang='lat' dir='ltr'><strong>Sca</strong></span> <span class='ocrx_word' id='word_1_244' title='bbox 817 4083 871 4152; x_wconf 83' lang='lat' dir='ltr'><strong>(ior</strong></span> <span class='ocrx_word' id='word_1_245' title='bbox 882 4081 928 4138; x_wconf 87' lang='lat' dir='ltr'><strong>the</strong></span> <span class='ocrx_word' id='word_1_246' title='bbox 945 4079 1130 4150; x_wconf 81' lang='lat' dir='ltr'><strong>illustratione)</strong></span> <span class='ocrx_word' id='word_1_247' title='bbox 1149 4095 1225 4149; x_wconf 82' lang='lat' dir='ltr'><strong>supr.</strong></span> <span class='ocrx_word' id='word_1_248' title='bbox 1239 4073 1279 4132; x_wconf 86' lang='grc' dir='ltr'><strong>ΙΙ.</strong></span> 
     </span>
     <span class='ocr_line' id='line_1_33' title="bbox 176 4155 1280 4234; baseline -0.012 -13"><span class='ocrx_word' id='word_1_249' title='bbox 176 4164 228 4221; x_wconf 86' lang='lat' dir='ltr'><strong>but</strong></span> <span class='ocrx_word' id='word_1_250' title='bbox 245 4162 291 4219; x_wconf 84' lang='lat' dir='ltr'><strong>the</strong></span> <span class='ocrx_word' id='word_1_251' title='bbox 309 4163 387 4220; x_wconf 78' lang='lat' dir='ltr'><strong>effect</strong></span> <span class='ocrx_word' id='word_1_252' title='bbox 404 4163 435 4219; x_wconf 83' lang='lat' dir='ltr'><strong>oi</strong></span> <span class='ocrx_word' id='word_1_253' title='bbox 448 4163 598 4218; x_wconf 82' lang='lat' dir='ltr'><strong>Attracticn</strong></span> <span class='ocrx_word' id='word_1_254' title='bbox 616 4163 647 4219; x_wconf 84' lang='lat' dir='ltr'><strong>ol</strong></span> <span class='ocrx_word' id='word_1_255' title='bbox 662 4179 707 4218; x_wconf 90' lang='lat' dir='ltr'><strong>co·</strong></span> <span class='ocrx_word' id='word_1_256' title='bbox 749 4177 792 4234; x_wconf 84' lang='lat'><strong>25.</strong></span> <span class='ocrx_word' id='word_1_257' title='bbox 805 4161 1004 4217; x_wconf 81' lang='lat' dir='ltr'><strong>“Clandastinc</strong></span> <span class='ocrx_word' id='word_1_258' title='bbox 1017 4160 1155 4215; x_wconf 80' lang='lat' dir='ltr'><strong>lustaucsa</strong></span> <span class='ocrx_word' id='word_1_259' title='bbox 1167 4156 1198 4212; x_wconf 81' lang='lat' dir='ltr'><strong>of</strong></span> <span class='ocrx_word' id='word_1_260' title='bbox 1210 4155 1280 4209; x_wconf 78' lang='lat' dir='ltr'><strong>Coa·</strong></span> 
     </span>
     <span class='ocr_line' id='line_1_34' title="bbox 176 4241 888 4314; baseline -0.004 -16"><span class='ocrx_word' id='word_1_261' title='bbox 176 4242 281 4306; x_wconf 72' lang='lat' dir='ltr'><strong>hodon,</strong></span> <span class='ocrx_word' id='word_1_262' title='bbox 301 4241 338 4314; x_wconf 86' lang='lat' dir='ltr'><strong>by</strong></span> <span class='ocrx_word' id='word_1_263' title='bbox 356 4241 444 4298; x_wconf 80' lang='lat' dir='ltr'><strong>which</strong></span> <span class='ocrx_word' id='word_1_264' title='bbox 464 4241 509 4298; x_wconf 84' lang='lat' dir='ltr'><strong>the</strong></span> <span class='ocrx_word' id='word_1_265' title='bbox 532 4243 655 4314; x_wconf 82' lang='lat' dir='ltr'><strong>particlea</strong></span> <span class='ocrx_word' id='word_1_266' title='bbox 680 4241 710 4296; x_wconf 86' lang='lat' dir='ltr'><strong>oi</strong></span> <span class='ocrx_word' id='word_1_267' title='bbox 747 4241 888 4310; x_wconf 56' lang='lat' dir='ltr'><strong>mem?</strong></span> 
     </span>
     <span class='ocr_line' id='line_1_35' title="bbox 177 4319 708 4392; baseline -0.004 -16"><span class='ocrx_word' id='word_1_268' title='bbox 177 4319 224 4376; x_wconf 83' lang='lat' dir='ltr'><strong>the</strong></span> <span class='ocrx_word' id='word_1_269' title='bbox 245 4337 318 4376; x_wconf 67' lang='lat' dir='ltr'><strong>amc</strong></span> <span class='ocrx_word' id='word_1_270' title='bbox 337 4337 409 4376; x_wconf 80' lang='lat' dir='ltr'><strong>mssa</strong></span> <span class='ocrx_word' id='word_1_271' title='bbox 429 4337 474 4376; x_wconf 84' lang='lat' dir='ltr'><strong>ara</strong></span> <span class='ocrx_word' id='word_1_272' title='bbox 495 4319 559 4392; x_wconf 81' lang='lat' dir='ltr'><strong>kept</strong></span> <span class='ocrx_word' id='word_1_273' title='bbox 578 4319 708 4392; x_wconf 77' lang='lat' dir='ltr'><strong>together.</strong></span> 
     </span>
    </p>
   </div>
   <div class='ocr_carea' id='block_1_4' title="bbox 0 0 1603 5176">
    <p class='ocr_par' dir='ltr' id='par_1_5' title="bbox 0 0 1603 5176">
     <span class='ocr_line' id='line_1_36' title="bbox 0 0 1603 5176; baseline 0 0"><span class='ocrx_word' id='word_1_274' title='bbox 0 0 1603 5176; x_wconf 95' lang='lat' dir='ltr'><strong> </strong></span> 
     </span>
    </p>
   </div>
  </div>
 </body>
</html>
