3156 5176
597 333 818 416 urn.11.4e.
1198 331 1263 401 aee.

159 495 314 574 libenter
336 496 525 580 imbibunt
545 505 584 570 et
606 500 723 572 airem
741 499 991 570 exterminant.
1044 495 1165 568 Etiam
1188 520 1263 570 eao-

159 611 401 697 chawmont
425 612 573 708 spongia
596 612 715 692 infuso
739 616 777 688 iu
799 635 929 706 aquom
945 620 1009 686 eut
1027 613 1158 698 vinum,
1177 612 1263 685 iicet

159 749 240 820 pare
256 727 411 821 ipsorum
434 729 594 808 emineat
617 737 657 801 et
680 729 788 825 longe
812 728 997 802 attollatur
1018 751 1123 822 supro
1139 731 1262 804 vinum

159 850 223 922 tut
247 865 388 936 aquam,
405 852 526 919 temen
551 867 679 938 aquam
703 853 768 918 eut
791 845 913 917 vinum
940 843 1110 938 paulatim
1137 853 1175 915 et
1200 867 1264 938 per

159 958 290 1054 gradus
307 959 492 1035 attrabunt
509 961 547 1035 in
563 981 703 1034 aureum
713 957 752 1034 ⁷⁶.

212 1072 321 1149 Unde
331 1075 486 1168 optimus
503 1095 616 1150 emon
634 1077 788 1148 comitur
803 1083 976 1169 apertum
989 1083 1028 1148 et
1044 1075 1262 1148 solutionum

161 1211 358 1282 corporum.
414 1188 537 1266 Mincio
566 1192 662 1264 enim
692 1191 877 1264 norroeivia
905 1193 1074 1286 etoquia
1103 1192 1263 1275 fortibus,

161 1327 240 1397 quoe
257 1305 351 1382 viam
376 1304 444 1380 ribi
467 1305 652 1399 aperiuntr
680 1307 709 1382 ei
734 1306 844 1399 poooit
869 1306 1020 1380 inveniri
1042 1330 1169 1400 corpus
1185 1331 1265 1401 pro-

161 1421 402 1513 portionatum
427 1429 466 1494 et
490 1422 604 1516 magio
629 1423 854 1494 consentiens
880 1430 918 1494 et
942 1422 1097 1494 amioum
1125 1423 1262 1515 corpori

161 1535 268 1610 aliem
283 1535 408 1619 eolido,
425 1558 533 1629 qnam
552 1536 641 1613 iilud
659 1561 743 1610 eum
760 1561 830 1631 quo
848 1545 1016 1632 tanquam
1033 1561 1097 1630 per
1113 1539 1265 1612 necessi·

162 1660 275 1727 tatem
291 1653 564 1740 comminatum
589 1655 711 1729 rtatim
731 1677 770 1726 ae
785 1655 901 1747 aperit
918 1662 957 1726 et
973 1655 1110 1727 relaxat
1127 1677 1264 1748 eorpus,

163 1772 203 1838 et
227 1765 317 1836 illud
342 1764 494 1837 nlterum
517 1767 610 1838 intro
634 1768 770 1861 recipit,
787 1769 904 1861 priore
922 1769 1067 1842 excluso
1087 1778 1151 1841 aut
1168 1793 1265 1842 sum·

162 1889 273 1955 moto.
325 1879 456 1975 Neque
479 1891 657 1984 operatur,
674 1894 739 1960 aut
763 1893 892 1976 poteet,
914 1885 1116 1958 inremotus
1140 1885 1189 1958 od
1211 1885 1265 1958 lu-
1351 1942 1353 1955 .

163 2017 260 2070 orum
280 1994 504 2074 solummodo
524 1998 570 2072 ed
590 2007 739 2074 amum.
791 1997 888 2072 Nam
914 1999 1081 2072 electricn
1105 2002 1264 2095 operatio

164 2110 226 2196 (de
251 2133 321 2204 qua
340 2110 525 2192 Gilbertua
550 2123 589 2187 et
616 2112 676 2186 alii
703 2121 784 2206 post
808 2137 892 2188 eum
919 2123 1037 2188 tantae
1062 2115 1265 2188 excitarunt

164 2225 316 2318 fabuleo)
343 2249 414 2299 non
443 2227 514 2302 alia
542 2237 599 2302 eat
628 2251 734 2320 quom
765 2229 919 2322 corporis
948 2252 1012 2324 per
1040 2230 1265 2304 fricationem

164 2342 281 2421 levem
297 2344 445 2422 excitati
470 2343 663 2438 appetitos,
682 2344 743 2437 qui
769 2345 887 2416 aerem
912 2365 984 2418 non
1009 2343 1100 2416 bene
1126 2343 1265 2428 tolerat,

163 2458 228 2532 aed
256 2458 355 2538 alind
385 2460 558 2554 tangibile
591 2457 737 2543 mavult,
768 2459 798 2533 ai
832 2458 1027 2551 reperiatur
1055 2460 1093 2534 in
1123 2460 1266 2554 propin·

165 2597 236 2668 quo
246 2570 285 2646 77.

216 2687 281 2783 (7.)
308 2689 364 2762 Sit
389 2699 509 2765 metue
536 2691 719 2786 septimos,
739 2697 859 2767 metue
879 2689 1003 2782 (quem
1028 2688 1265 2787 appellamus)

165 2807 438 2904 congregratione
466 2804 670 2901 mojorffr
699 2829 898 2900 perquem
927 2829 1075 2900 corpora
1103 2807 1266 2878 feruntur

165 2923 210 3001 ed
235 2943 367 3002 menneo
392 2923 677 3001 connaturalium
702 2945 870 3000 auorum:
895 2924 1015 3018 gravio
1044 2925 1089 2995 ad
1119 2923 1266 3018 globum

166 3046 292 3122 terren
318 3036 410 3111 levio
434 3039 481 3112 ad
502 3039 680 3114 ambitum
695 3039 788 3110 eoeli.
841 3039 951 3110 Hune
975 3037 1097 3112 oehola
1121 3042 1268 3110 nomine

165 3161 276 3226 mono
305 3151 478 3230 naturalis
506 3155 699 3250 insignivit,
728 3154 799 3226 levi
829 3151 1148 3246 contemplatione:
1185 3157 1270 3248 quia

166 3268 303 3346 scilieet
323 3269 376 3343 nil
398 3270 593 3364 spectabile
616 3279 693 3344 erat
717 3269 763 3343 ab
786 3278 898 3352 extra,
915 3270 1011 3362 quod
1029 3291 1112 3342 eum
1130 3279 1268 3344 motum

167 3386 279 3464 oleret
297 3383 433 3478 (itaque
451 3387 557 3458 rebus
579 3385 663 3480 ipoie
686 3386 850 3458 innatum
870 3393 980 3477 atque
1002 3385 1149 3458 iuaitum
1165 3395 1270 3479 pute·

167 3500 245 3595 rit).
260 3509 327 3576 uo
350 3500 443 3574 forte
468 3502 552 3593 quia
575 3523 648 3572 non
672 3509 796 3574 cenant.
848 3499 931 3574 Nee
952 3500 1104 3576 mirum:
1130 3523 1270 3595 semper

202 3743 307 3805 “Thio
321 3746 405 3806 trien
421 3747 491 3810 from
508 3746 699 3821 chestpnmy
738 3746 1054 3820 trothtulexpcr'uneutc.

166 3823 268 3888 lbbee,
281 3824 368 3880 under
386 3825 431 3880 the
449 3825 580 3882 influence
599 3826 630 3881 oi
649 3826 698 3882 At·
774 3825 802 3869 ⁷⁸
812 3825 878 3881 Thia
889 3826 913 3882 io
925 3826 971 3881 the
983 3825 1114 3899 tendeney
1121 3825 1208 3882 which
1217 3824 1272 3880 din·

167 3903 291 3958 trection.
739 3905 808 3960 tinet
820 3903 914 3960 bodico
930 3905 961 3959 oi
976 3903 1022 3958 the
1041 3921 1114 3959 aame
1129 3904 1273 3959 substance

203 3979 229 4022 ⁷⁷
240 3981 308 4036 Thio
324 3980 504 4039 inundacione
517 3983 699 4056 coaugmenti
739 3983 809 4039 have
826 3991 855 4038 to
873 3983 990 4038 maicone
1004 3981 1082 4038 when
1100 3981 1192 4054 placed
1210 3999 1274 4036 nem

168 4063 187 4090 “
197 4059 316 4130 corpori·
327 4060 549 4132 perfunctionem
559 4063 699 4118 levamen·
740 4079 793 4118 one
812 4061 944 4117 anothmc
963 4077 993 4118 ea
1013 4059 1092 4116 when
1115 4069 1168 4118 two
1192 4059 1274 4131 drope

167 4136 482 4210 citatiappetitua''&c.ie
490 4139 700 4212 likeiytetbrow
740 4143 772 4198 ni
782 4141 954 4201 Quieknilver
967 4140 1076 4211 eom'mg
1090 4141 1161 4196 cloec
1177 4148 1206 4195 to
1223 4156 1275 4194 one

167 4214 297 4272 batlitsse
308 4215 378 4288 light
389 4233 426 4272 on
437 4217 484 4273 the
494 4217 615 4282 mochin
626 4233 700 4274 eom·
740 4218 855 4276 another
872 4237 916 4276 are
933 4219 1065 4289 mutanily
1077 4216 1205 4274 attraeoed
1220 4215 1274 4280 end

169 4293 278 4364 parison
295 4293 359 4348 rrith
381 4294 508 4352 Gilbert'c
527 4295 628 4352 ardut
646 4295 701 4352 and
741 4299 788 4355 inii
801 4299 931 4355 intoene.
969 4295 1013 4352 Cf.
1025 4313 1099 4368 aupr.
1112 4295 1136 4350 1.
1145 4295 1189 4350 66.
