3222 5148
313 339 379 406 116
636 335 811 404 NOVUM
834 335 1084 404 ORGANUM.

365 647 471 732 Quod
498 663 583 720 vero
612 647 657 717 ed
688 669 808 717 rernm
836 645 1014 718 vilitatem
1048 647 1191 729 attinet,
1217 643 1274 716 rel
1309 645 1419 716 etiam

315 765 583 859 turpitudinem,
596 763 725 855 quibus
743 761 869 852 (nteit
887 761 1072 852 Plinins⁵⁵)
1093 762 1206 835 honos
1222 763 1421 855 praefandus

316 889 392 968 est;
417 903 469 951 eae
494 903 559 964 res,
576 902 650 950 non
673 879 791 950 minus
814 902 922 972 quam
947 878 1153 952 lautissime
1176 889 1216 951 et
1240 879 1423 972 pretiosis·

316 998 423 1078 siruae,
440 997 479 1066 in
496 995 681 1066 historiam
698 994 896 1066 naturalem
913 996 1126 1089 reeipiendae
1142 1004 1239 1067 sunt.
1291 995 1422 1088 Neque

316 1121 506 1208 propterea
530 1111 703 1205 polluitur
726 1110 899 1183 naturalis
922 1110 1092 1184 historie:
1117 1111 1170 1183 sol
1196 1113 1295 1184 enim
1321 1135 1423 1204 aeqne

316 1227 450 1322 palatia
480 1239 519 1299 et
546 1227 682 1300 olnaees
710 1227 919 1320 ingreditur,
945 1248 1064 1319 neque
1090 1239 1212 1300 tamen
1238 1227 1424 1323 polluitur.

320 1342 400 1417 Nos
415 1354 539 1416 eutem
556 1367 628 1416 non
646 1341 855 1437 capitolium
870 1343 1017 1436 aliquod
1034 1354 1098 1416 aut
1115 1345 1336 1438 pyramidem
1361 1345 1426 1417 ho·

319 1463 458 1532 minum
489 1460 661 1554 superbies
690 1460 900 1532 dedicamus
927 1469 991 1531 eut
1021 1462 1218 1544 condimus,
1243 1463 1308 1533 sed
1333 1471 1427 1533 tem-

319 1577 422 1673 plum
438 1586 601 1648 sanetum
618 1577 662 1649 ad
676 1575 860 1669 exemplar
871 1578 995 1649 mundi
1015 1579 1052 1648 in
1064 1578 1252 1649 intellectu
1265 1576 1427 1652 hnmano

321 1694 521 1766 fundemus.
560 1693 689 1785 Itaque
705 1691 890 1786 exemplar
905 1695 1099 1786 sequimur.
1140 1691 1237 1765 Nam
1255 1695 1427 1788 quioquid

321 1810 475 1882 essentie
491 1809 640 1904 dignum
658 1817 722 1894 est,
741 1809 778 1880 id
796 1810 905 1880 etiam
923 1811 1073 1881 seientia
1089 1809 1250 1905 dignum,
1268 1835 1349 1904 qnae
1371 1823 1427 1883 est

321 1927 483 1999 essentie
505 1921 667 2021 imeg0⁵⁶.
718 1924 773 1997 At
788 1925 874 1997 vilia
897 1949 997 2020 aque
1022 1927 1230 2014 subsistunt,
1247 1951 1290 1999 nc
1316 1927 1427 2000 lanta

322 2041 542 2128 Quinetiam,
570 2051 613 2112 nt
642 2065 663 2114 e
693 2042 904 2134 quibusdem
936 2043 1088 2136 putridis
1117 2045 1285 2129 meteriis,
1314 2043 1427 2117 veluti

321 2183 445 2231 museo
463 2169 501 2230 et
517 2158 671 2242 zibstho,
688 2157 880 2250 aliquando
898 2159 1024 2252 optimi
1042 2160 1168 2232 odores
1190 2171 1429 2255 generantum

323 2279 375 2348 ita
399 2286 438 2348 et
462 2275 508 2348 eb
531 2277 711 2348 instantiis
733 2275 864 2346 vilibus
890 2285 928 2348 et
953 2277 1103 2348 sordidis
1120 2277 1335 2371 quandoque
1351 2281 1432 2350 exi-

322 2395 397 2464 mia
422 2393 485 2464 lux
503 2401 542 2463 et
558 2392 761 2462 informatio
779 2401 959 2462 emanant.
1003 2389 1143 2464 Verum
1161 2393 1207 2464 ds
1229 2393 1300 2466 hoo
1322 2396 1430 2466 nimis

324 2509 464 2591 multe;
498 2530 581 2579 oum
609 2507 679 2578 hoe
707 2529 823 2602 genus
852 2507 986 2580 fastidii
1014 2510 1061 2580 sit
1087 2509 1194 2602 plane
1220 2511 1362 2603 puerile
1390 2522 1430 2584 et

326 2623 597 2696 effoeminetum.

803 2720 950 2794 CXXI.

376 2839 430 2912 At
459 2839 505 2911 de
534 2838 598 2912 illo
625 2839 772 2910 omnino
800 2841 914 2933 magis
948 2849 1113 2912 accurate
1144 2841 1432 2936 dispiciendum

328 2956 424 3050 quod
454 2955 607 3049 plurime
637 2955 675 3024 in
704 2953 853 3025 historia
884 2965 1007 3026 nostra
1037 2957 1159 3048 captui
1190 2957 1339 3052 vulgari,
1368 2971 1433 3032 ant

328 3074 436 3143 etiam
455 3072 565 3143 enisis
582 3069 792 3150 intellectui,
811 3068 932 3157 (rebus
957 3072 1190 3164 presentibus
1214 3075 1431 3168 eesnesam)

327 3188 547 3262 videbuntur
575 3187 721 3258 euriosae
756 3187 940 3279 enjusdam
971 3199 1010 3258 et
1038 3188 1175 3260 inutilis
1210 3191 1432 3264 subtilitatis

329 3303 460 3398 Itaque
486 3304 531 3376 de
553 3301 622 3374 hoe
644 3313 730 3374 ante
753 3303 873 3372 omnia
889 3311 927 3374 et
945 3303 1080 3374 dietum
1099 3315 1138 3375 ot
1155 3305 1350 3378 dieendum
1367 3319 1433 3380 est.

329 3419 411 3492 Hoe
428 3417 583 3504 seilicet3
609 3439 684 3501 nos,
696 3417 773 3509 jam
790 3417 857 3488 sub
873 3417 985 3490 initiis
1002 3417 1100 3488 etad
1119 3429 1271 3512 tempus,
1290 3431 1434 3494 tentum

329 3531 510 3632 lucifera&
527 3534 782 3626 experimenta,
800 3555 872 3604 non
886 3529 1084 3630 fructifera
1101 3557 1281 3629 quarrere;
1307 3539 1354 3609 ed
1372 3562 1434 3610 ex·

359 3732 385 3772 ⁶⁶
401 3731 485 3802 Pliny,
496 3729 561 3784 Nat
575 3729 649 3786 Hiat.
661 3729 712 3784 xl.
723 3745 748 3784 ι.
763 3729 864 3786 hum
905 3729 1079 3804 Knnvledgs.
1115 3733 1345 3804 nungenti·
1360 3737 1389 3792 in
1402 3737 1437 3792 ils

329 3821 425 3867 natura
437 3825 570 3880 nusquam
583 3807 668 3879 magis
679 3825 761 3880 qnam
772 3809 800 3863 in
812 3809 862 3863 mi-
904 3809 997 3866 nidest
1008 3829 1094 3875 sense,
1106 3811 1160 3866 tlris
1171 3812 1262 3867 would
1276 3814 1357 3870 stand
1369 3814 1437 3870 lore

330 3889 539 3946 nimistntneet.
570 3886 862 3960 (improperem,
904 3887 1065 3960 description
1081 3889 1213 3946 ol'lrmlr
1231 3891 1360 3957 itselias
1376 3893 1437 3949 is'!

330 3987 366 4026 ne
388 3967 447 4022 hen
469 3966 595 4037 legentes,
616 3965 743 4037 quoniam
766 3983 799 4020 ex
820 3965 862 4021 lris
902 3968 1097 4023 knowntnns.

333 4053 463 4120 spernam
475 4043 567 4108 multe
576 4043 655 4098 stiam
667 4043 749 4098 relate
757 4043 862 4099 mstidio
940 4043 967 4086 ⁸⁷
986 4045 1028 4102 Cf.
1044 4045 1066 4101 1.
1081 4061 1124 4117 70.
1136 4063 1181 4117 99.
1196 4063 1257 4118 ¹¹7·

333 4127 470 4186 damnent,
496 4139 560 4176 cunr
586 4121 615 4176 in
641 4122 865 4192 eontemplstinne
930 4123 990 4180 The
1001 4125 1059 4180 first
1071 4123 1163 4196 period
1174 4126 1206 4180 ni
1215 4125 1381 4184 lnduotion'
1373 4147 1397 4184 ιι
1408 4145 1438 4185 ιι

333 4215 437 4262 neure
455 4199 523 4260 nihil
540 4200 626 4272 possit
637 4199 720 4256 rideri
739 4217 865 4272 superve-
905 4203 973 4257 little
984 4203 1089 4258 lruitlnl
1104 4221 1134 4258 ιι
1147 4202 1193 4258 the
1206 4203 1406 4278 seed-sovinq'
1399 4225 1438 4271 ιι,

906 4281 989 4337 iorin
1001 4281 1123 4354 Physioe,
1131 4283 1246 4338 seinall
1258 4285 1439 4350 cimbers-

334 4300 426 4401 “¹⁸⁸
413 4358 504 4415 Aine
520 4356 573 4414 and
586 4357 656 4414 briei
665 4356 825 4430 description
838 4359 869 4414 ni
908 4359 975 4416 need
986 4359 1045 4416 ni“
1054 4359 1129 4416 nnn
1141 4361 1195 4416 and
1207 4361 1363 4421 Petieneess'
1388 4363 1439 4419 We
