3078 5180
305 347 350 410 38
634 343 809 411 NOVUM
831 343 1081 411 OBGANUM.

304 508 370 580 dre.
396 517 435 580 et
460 518 581 580 tumen
608 511 646 580 in
670 509 836 581 omnibus
860 509 937 580 istis
962 508 1039 580 fieri
1065 529 1138 580 non
1163 515 1299 601 potest,
1321 505 1407 600 quin

305 626 376 695 sint
391 624 469 696 uliae
485 626 649 696 notiones
665 623 743 696 aliis
759 625 866 718 pcnlo
883 623 1058 709 meliores,
1077 633 1185 716 prout
1206 625 1245 694 in
1266 643 1406 694 sensum
1522 711 1523 726 χ

304 741 500 813 hnmcnnm
517 741 645 814 incidit
661 763 779 814 rerum
796 742 898 835 copia
906 737 946 811 Β.

354 995 409 1070 At
434 996 529 1070 idola
554 995 680 1070 theam
705 897 923 1071 innatffon
948 1005 1045 1082 sunt,
1065 1019 1132 1069 nec
1157 996 1301 1068 occulto
1326 995 1408 1067 insi·

304 1124 416 1187 uncta
436 1116 474 1186 in
497 1113 745 1197 intellectnm3
775 1115 837 1186 sed
862 1137 910 1186 ex
935 1113 1064 1186 subulis
1086 1112 1305 1184 theoriurum
1314 1109 1355 1196 ⁸⁹,
1371 1121 1409 1182 ct

304 1232 476 1325 perversis
501 1231 640 1326 legibus
663 1231 1019 1313 demonstrationum,
1037 1227 1142 1323 plane
1162 1229 1278 1300 indita
1297 1237 1336 1300 et
1356 1251 1409 1301 re·
1523 1261 1524 1280 ι

305 1356 420 1442 cepta
469 1345 513 1418 Iu
530 1346 724 1419 bisantem
741 1347 1003 1419 confutationes
1022 1355 1162 1418 tentare
1178 1354 1217 1417 et
1232 1347 1409 1440 suscipere

303 1471 584 1537 consentancum
608 1484 750 1558 prorsus
775 1485 846 1534 non
873 1471 929 1536 est
953 1462 1033 1545 illis,
1050 1483 1130 1556 qnae
1149 1485 1172 1533 a
1188 1462 1293 1535 nobis
1314 1464 1410 1534 dicta

304 1587 398 1651 sunt.
449 1577 572 1662 Quum
589 1579 685 1650 enim
703 1601 770 1650 nec
791 1579 836 1651 de
856 1578 1037 1673 principiis
1054 1578 1328 1660 consentiamus,
1344 1599 1409 1649 nec

304 1696 351 1767 de
367 1695 738 1779 demonstrationibus,
755 1694 895 1767 tollitur
912 1696 1028 1767 omnis
1043 1696 1321 1790 argumentatio.
1364 1692 1407 1765 Id
1524 1757 1525 1774 ,

305 1833 388 1883 vem
417 1811 513 1882 bono
542 1812 584 1882 iit
613 1811 698 1895 fato,
728 1820 771 1881 ut
801 1812 957 1904 antiquis
990 1833 1074 1882 suus
1107 1816 1250 1882 constet
1283 1809 1407 1881 honos.

305 1927 411 1999 Nihil
433 1930 531 2001 enim
556 1927 626 2000 illis
649 1928 858 2013 detrahitur,
877 1951 987 2021 quum
1012 1928 1058 1999 de
1076 1928 1133 1998 via
1152 1927 1300 1998 omnino
1317 1949 1410 2020 quc·

304 2045 373 2118 stio
398 2047 455 2116 sit.
507 2043 664 2116 Claudus
689 2046 784 2115 enim
810 2049 867 2136 (ut
893 2044 1039 2140 dicitur)
1062 2045 1099 2115 in
1123 2044 1192 2126 via,
1215 2043 1409 2116 antevertit

304 2183 482 2232 cursorem
510 2169 614 2234 extra
642 2161 745 2232 viem.
798 2159 922 2232 Etiam
949 2161 1038 2231 illud
1066 2159 1257 2232 manifesto
1283 2160 1407 2255 liquet,

304 2278 460 2349 currenti
488 2287 590 2348 extra
615 2277 721 2360 mam,
747 2299 818 2370 quo
847 2275 999 2348 habilior
1028 2278 1075 2348 sit
1104 2285 1143 2348 et
1170 2275 1339 2361 velocior,
1366 2300 1409 2350 eo

304 2395 473 2488 majorem
492 2393 700 2489 contingere
715 2394 986 2466 aberrationem.

355 2511 491 2584 Nostra
507 2535 592 2585 varo
611 2512 816 2585 inveniendi
839 2513 1004 2586 scientias
1025 2535 1069 2584 ea
1084 2519 1141 2583 est
1157 2510 1259 2585 ratio.
1277 2521 1408 2583 utnon

304 2629 459 2701 multum
476 2630 700 2723 ingeniorum
718 2629 873 2702 acumini
890 2638 928 2702 ct
945 2629 1061 2702 robori
1078 2627 1323 2720 relinquatnr3
1346 2629 1407 2700 sed

304 2769 382 2839 qnae
405 2747 548 2841 ingenia
572 2754 611 2819 et
635 2745 839 2819 intellectus
862 2747 937 2819 scre
960 2741 1174 2838 exequetw.
1227 2744 1408 2830 Quemad·
1526 2807 1527 2820 .

303 2863 451 2936 modum
477 2863 572 2934 enim
597 2863 643 2935 ad
668 2861 737 2934 hoc
762 2873 804 2934 nt
828 2862 924 2936 lineo
947 2873 1046 2935 recta
1066 2862 1140 2944 fiat,
1164 2873 1227 2932 aut
1253 2861 1408 2934 circulus

338 3049 365 3090 Β
383 3047 516 3104 “Rerum
531 3047 644 3120 ecpia;‘’
662 3049 680 3102 i.
689 3066 713 3103 c.
726 3047 835 3104 accord-
875 3048 917 3104 ior
937 3048 974 3104 hc
994 3048 1058 3105 dces
1081 3055 1131 3104 not
1152 3049 1190 3104 let
1212 3048 1259 3104 the
1279 3049 1408 3106 Aurisuts

303 3129 387 3201 ingto
396 3127 461 3184 each
470 3129 558 3182 man’s
567 3127 685 3199 capacity
694 3127 736 3181 ior
744 3128 835 3199 occing
875 3127 943 3184 have
954 3127 1036 3183 much
1048 3136 1118 3192 rau
1136 3145 1187 3183 nor
1197 3129 1221 3183 is
1233 3127 1269 3182 he
1280 3146 1349 3184 even
1360 3128 1409 3184 fur

304 3209 387 3274 iactu
406 3209 457 3263 ic.
469 3205 614 3278 according
628 3205 717 3261 tothc
730 3207 835 3262 nannai
875 3205 1258 3280 iuhisjudgmentsoitbsm.

302 3285 531 3358 powersoiccch.
910 3284 1409 3360 ⁸⁰'l'iuislumnotbuenvcriiiedby

339 3366 365 3421 lt
376 3367 400 3421 is
412 3365 537 3436 possible,
545 3363 643 3436 finally,
650 3371 680 3418 to
688 3381 737 3418 use
746 3363 834 3418 words
875 3363 920 3419 the
931 3383 1056 3438 prognes
1064 3362 1096 3420 of
1104 3363 1150 3419 the
1157 3363 1282 3436 Pnysicsl
1292 3365 1407 3422 Studia.

302 3463 332 3498 ιι
344 3441 740 3514 memiogicnlsymbols,snd
752 3459 836 3514 urguo
874 3443 930 3511 (Gi.
957 3444 1019 3500 infr.
1048 3443 1071 3499 1.
1094 3445 1167 3514 ιιι.)
1215 3441 1267 3498 sss
1298 3444 1408 3501 discun-

303 3521 399 3577 thence
407 3520 471 3576 with
483 3521 583 3592 perfect
592 3521 700 3592 logical
712 3521 833 3592 candit„
874 3521 941 3594 lay’s
955 3523 1041 3595 Esaay
1052 3539 1088 3578 cn
1103 3521 1203 3577 Bacom
1241 3521 1304 3578 One
1322 3525 1407 3580 mcn's

302 3599 349 3654 the
360 3599 455 3654 formai
467 3597 611 3670 Syllogism
623 3607 721 3654 cannot
736 3599 765 3653 iu
780 3617 833 3671 any
874 3600 1068 3671 apprehension
1085 3600 1116 3655 oi
1130 3599 1208 3666 facts,
1224 3619 1257 3656 or
1273 3619 1365 3672 pm
1380 3601 1410 3657 ci

303 3693 361 3749 scay
372 3675 449 3732 tcach
463 3694 496 3732 or
509 3695 576 3732 esu
593 3685 645 3731 test
659 3677 760 3737 diutia:
779 3677 832 3732 und
873 3697 1001 3753 mory,
1009 3696 1040 3734 or
1049 3679 1148 3735 critical
1156 3679 1407 3753 iacultymrquiuk·

302 3755 324 3810 it
341 3755 391 3809 Ιιιι
409 3771 445 3809 no
462 3771 575 3810 concern
587 3755 651 3810 with
664 3773 680 3809 ι
694 3757 837 3827 munos
873 3775 936 3814 nass
951 3759 980 3814 in
998 3757 1211 3831 gmmulintiom
1224 3768 1299 3814 must
1310 3758 1407 3816 excesd

304 3831 482 3904 lntmprsting
509 3833 621 3888 Nature.
664 3832 716 3888 For
743 3835 833 3890 Bceou
874 3838 1019 3894 onother’s.
1055 3836 1118 3894 And
1132 3837 1173 3892 fer
1184 3855 1266 3902 more,
1279 3855 1332 3894 one
1346 3857 1407 3894 m

303 3911 381 3966 secius
398 3920 427 3965 to
443 3909 528 3966 detine
541 3910 630 3965 words
645 3911 788 3984 according
803 3919 835 3970 to
874 3917 1129 3988 ponesanothcrin
1141 3915 1199 3971 that
1212 3915 1407 3973 ‘'Mcuuilni·

303 3989 350 4046 the
366 3988 454 4043 Truth
472 3989 504 4042 oi
520 3988 631 4054 Nntnre,
649 3989 703 4044 and
721 3991 763 4046 ior
781 3993 834 4048 this
874 3995 992 4062 deduc?
1020 3995 1066 4051 the
1093 3995 1260 4068 prerogatirc
1289 3997 1322 4052 οἱ
1346 3999 1408 4052 viss

303 4067 349 4123 the
362 4065 507 4141 Syllogimu
522 4068 545 4121 is
561 4067 592 4122 oi
606 4085 643 4122 uo
657 4086 714 4124 ure.
750 4071 790 4125 Ar
805 4081 835 4127 to
875 4075 957 4140 souis,
967 4073 1055 4130 which
1067 4075 1168 4139 Batou,
1180 4083 1208 4129 at
1219 4075 1308 4139 times,
1321 4093 1407 4131 m

303 4145 349 4202 the
362 4145 715 4220 Syuogismsaesppendix
728 4146 761 4201 B.
875 4153 947 4226 quito
970 4163 999 4208 to
1021 4153 1123 4226 ignore.
1166 4151 1217 4208 See
1241 4151 1407 4226 colendgds

338 4225 365 4266 ⁸⁹
381 4225 441 4280 'l'he
460 4222 546 4280 desua
565 4223 651 4280 which
672 4225 765 4281 Bscou
784 4225 834 4282 hm
872 4229 1049 4296 'sabla-'inim
1080 4231 1154 4304 Sept.
1176 4247 1220 4296 ιι,
1242 4233 1322 4304 1830,
1353 4229 1406 4287 tud

303 4301 446 4376 uprcsscd
459 4307 515 4358 “ut
525 4302 641 4374 antiquis
653 4321 719 4360 suus
731 4315 834 4360 constet
875 4308 937 4365 Oct.
950 4311 977 4375 8,
992 4311 1068 4382 1830.

303 4383 413 4440 honos'’
432 4382 497 4438 dccs
514 4391 563 4437 not
580 4381 644 4438 bear
661 4382 744 4438 much
760 4383 833 4448 fruit,
