3156 5176
593 320 683 388 nun.
699 320 748 388 ιι.
762 341 817 409 49.
1203 327 1268 396 ιιι

165 512 313 587 surgere
332 490 493 576 uitulum
517 511 589 564 nou
614 499 670 564 est
693 493 810 564 minor
832 492 949 576 nixus,
966 492 1052 568 licet
1074 517 1145 568 non
1163 499 1271 592 proli-

165 608 248 680 ciet.
305 606 425 702 Hujus
453 617 577 679 cutem
604 607 657 679 rei
687 608 855 694 conditio,
881 606 1031 699 (scilicet
1055 620 1178 684 utrum
1205 637 1270 708 per

161 723 491 820 monimum
508 731 628 796 motus
649 725 885 798 succumbens
907 727 1007 819 quusi
1029 729 1270 815 annihiletnr3

164 863 211 913 sn
228 842 347 935 potius
359 841 590 913 continuetur
604 841 722 926 nixus,
733 841 818 914 lieet
835 865 907 913 non
924 845 1174 938 conspicietur)
1185 870 1268 940 quae

164 956 256 1030 lutet
272 958 311 1029 in
327 955 562 1042 conflictibus,
578 957 763 1051 apparebit
782 959 932 1032 fortene
948 961 986 1031 in
1003 963 1268 1035 concurrentiis.

165 1071 333 1167 Exempli
349 1074 484 1169 gretis;
510 1071 575 1144 fiet
591 1073 879 1166 experimentum
895 1075 934 1146 iu
950 1074 1128 1170 sclopstis,
1145 1085 1269 1148 ulrum

164 1187 353 1284 sclopeius,
371 1211 439 1283 pro
460 1195 563 1260 tento
589 1188 803 1282 spolioque
819 1191 964 1262 omittet
986 1189 1095 1285 pilem
1117 1193 1155 1263 in
1173 1193 1268 1266 lines

164 1307 314 1390 directe,
343 1306 417 1377 sive
443 1308 501 1400 (ui
527 1304 635 1400 vulgo
658 1304 871 1401 loquuntur)
898 1307 935 1378 in
964 1317 1098 1402 puncto
1129 1308 1266 1393 blsuco,

164 1422 373 1496 debiliorem
390 1423 477 1496 edet
499 1423 761 1517 percussionem
786 1423 993 1517 ejaculando
1015 1427 1050 1498 in
1069 1449 1184 1521 supin,
1202 1427 1266 1499 uhi

163 1550 283 1614 motus
300 1542 392 1612 ictus
415 1548 470 1611 est
486 1538 648 1633 simplex,
666 1563 774 1633 quem
791 1541 951 1635 desuper,
968 1542 1031 1615 ubi
1053 1553 1173 1616 motus
1189 1567 1268 1638 gru·

164 1656 285 1729 vitetis
301 1656 480 1729 concurrit
496 1677 579 1726 cum
597 1657 682 1728 ictu.

215 1771 338 1844 Elium
370 1793 526 1846 conones
551 1769 941 1866 praedominonliersms,
970 1775 1034 1867 qui
1065 1786 1267 1861 occurmnt,

164 1887 355 1983 colligendi
372 1898 469 1961 sunt.
522 1885 659 1973 Veluti,
678 1888 773 1980 quod
791 1910 863 1980 quo
878 1892 1104 1964 communius
1125 1901 1182 1966 est
1204 1893 1267 1968 bo-

164 2025 252 2076 num
278 2006 375 2098 quod
399 2005 591 2098 oppetitur,
615 2027 662 2076 eo
684 2011 803 2076 motus
829 2014 885 2076 ost
910 2005 1054 2078 fortior:
1079 2017 1122 2080 ut
1146 2018 1266 2084 motus

164 2144 292 2208 nexus,
307 2124 368 2216 qni
393 2122 539 2216 respicit
562 2121 851 2194 communionem
876 2121 1041 2208 universi,
1062 2126 1189 2199 fortior
1211 2135 1267 2200 esi

163 2248 267 2311 motu
282 2239 480 2336 grevitstis,
496 2237 557 2331 qui
582 2236 727 2330 respicit
751 2222 1039 2314 communionem
1065 2241 1266 2316 densorum.

164 2355 299 2440 Etism,
315 2357 411 2450 quod
428 2356 619 2450 oppositus,
637 2354 700 2447 qui
723 2361 808 2425 sunt
831 2353 916 2428 boni
932 2357 1069 2449 privati,
1086 2381 1158 2431 non
1174 2381 1266 2454 prae-

164 2471 286 2544 selent
302 2471 500 2566 plerunque
516 2478 641 2542 conns
657 2469 837 2562 oppositus
863 2470 947 2542 boni
972 2474 1087 2568 magis
1110 2475 1266 2568 publiei;

163 2589 231 2660 nisi
247 2590 285 2659 in
302 2589 419 2683 persis
435 2589 588 2682 quentis.
637 2585 727 2672 Quae
748 2587 887 2660 utinum
907 2587 1111 2663 obtinerent
1126 2592 1165 2664 in
1181 2593 1266 2666 civi-

179 2705 187 2724 ·
266 2703 282 2750 ι

163 2703 292 2778 Μ’
641 2817 786 2892 xmx.

215 2938 318 3010 Inter
335 2935 590 3036 prerogativae
614 2936 861 3008 imnoomm
878 2960 1054 3029 ponemus
1075 2939 1155 3015 loco
1171 2944 1268 3016 vice·

165 3055 254 3128 simo
284 3055 410 3148 quinto
438 3052 624 3126 inscendas
654 3049 884 3134 innuentem
922 3077 982 3128 ees
1011 3056 1156 3144 scilicet,
1187 3083 1266 3155 quse

199 3261 255 3318 lA
274 3260 346 3336 good
370 3263 504 3334 specimen
527 3260 559 3316 oi
579 3259 696 3316 Bacon’s
734 3257 809 3314 these
828 3258 873 3316 tho
887 3259 944 3316 first
963 3262 1082 3322 intimate
1099 3282 1132 3320 or
1149 3264 1267 3322 direct-

164 3341 327 3396 elmchment
337 3349 367 3396 ιο
378 3341 530 3412 Analogios.
735 3337 799 3392 tend
820 3347 849 3393 tc
869 3339 924 3395 free
944 3342 1059 3412 practice
1076 3343 1147 3398 from
1165 3345 1268 3399 useless

200 3419 246 3475 He
269 3419 374 3475 seemed
397 3418 514 3476 inclined
536 3417 647 3473 himself
665 3427 696 3472 to
735 3417 933 3486 permissam
943 3419 1101 3492 guidsitto
1116 3423 1208 3494 things
1220 3422 1268 3477 bc·

163 3499 233 3554 renis
248 3498 302 3553 this
315 3497 431 3570 Chapter
442 3516 506 3571 resp
517 3494 626 3570 highlys
644 3496 696 3552 hui
736 3495 839 3550 neficiel
850 3508 879 3552 to
891 3515 963 3553 man.
995 3497 1061 3554 This
1073 3500 1097 3555 is
1110 3517 1126 3554 ι
1137 3509 1209 3556 most
1220 3519 1268 3556 ιι·

163 3576 185 3631 it
196 3577 220 3632 is
231 3575 259 3632 in
272 3577 326 3632 net
343 3594 395 3632 one
411 3577 442 3632 ol
459 3575 501 3631 his
513 3583 595 3630 voret
613 3573 696 3644 speci·
735 3574 824 3630 lusbls
847 3575 1002 3648 Aphorism.
1049 3577 1076 3633 lt
1099 3578 1186 3634 shssrs
1209 3577 1269 3634 thet

164 3671 251 3720 mens,
269 3654 351 3728 being
367 3655 417 3710 lull
435 3654 466 3710 oi
483 3653 567 3710 ldols.
609 3653 696 3708 'l'hers
736 3653 801 3708 with
824 3655 860 3708 ull
885 3654 1001 3711 Bacon’e
1025 3657 1085 3712 love
1108 3657 1151 3713 ior
1173 3658 1268 3713 imov-

163 3734 330 3790 srciancilul
347 3733 401 3789 sud
416 3749 593 3805 unneeessury
604 3731 695 3787 subdi·
735 3731 1004 3804 lodgehemthu
1018 3734 1051 3790 oi
1064 3735 1138 3791 ilscll
1152 3737 1173 3792 it
1189 3735 1270 3792 could

163 3813 334 3877 visions,not
351 3811 446 3884 helped
464 3811 623 3885 bpisnciful
637 3810 695 3866 No·
735 3820 784 3865 not
799 3811 860 3883 give
871 3813 1024 3884 happiness.
1062 3815 1269 3908 “Amplilicent‚

163 3891 342 3947 menolatum.
361 3891 415 3946 end
428 3891 522 3947 Motus
538 3890 562 3946 is
575 3888 697 3946 medior
736 3890 913 3946 nonbosntss’
948 3891 1007 3947 The
1025 3891 1124 3948 mind'
1117 3911 1140 3949 ιι
1158 3893 1270 3949 affected

163 3969 377 4042 “Appetition,”
399 3969 565 4042 “vaityffl
587 3967 695 4042 “·Spm
736 3968 814 4040 byit,
822 3967 1102 4026 suduotthellesrt.
1121 3971 1271 4043 Rutulum

162 4049 276 4184 pethy,”
290 4047 503 4113 ‘Resistnnce,''
520 4047 600 4103 end‘
601 4048 694 4104 ‘lncr-
736 4049 896 4142 applicetion
920 4048 951 4104 oi
972 4049 1140 4122 knowledge,
1161 4049 1270 4122 sindi-

736 4128 811 4184 cious
841 4127 968 4183 sslccuon
998 4127 1029 4182 ol
1060 4127 1198 4184 lnsseucss
1228 4127 1270 4182 ior

163 4133 696 4262 tm⁶Woorenosrcomstothothrce
737 4205 863 4272 Psscsioo,
881 4206 936 4262 will
958 4207 1040 4278 rcullp
1061 4206 1097 4261 do
1120 4205 1204 4262 much
1227 4216 1270 4260 to·

165 4284 304 4341 instantius
326 4283 467 4340 Benevoloe
487 4301 519 4340 or
538 4283 696 4356 rropiuo-
736 4285 989 4357 wssdspromoting
999 4284 1153 4356 hsppiuese,
1165 4283 1270 4356 hyces·

165 4363 304 4421 lnstsnccs
322 4363 477 4436 hciliteting
495 4363 622 4420 Praetice.
658 4362 743 4418 Oi'
735 4383 784 4438 mg
799 4364 854 4422 and
871 4363 1062 4434 bettelingthe
1080 4362 1187 4434 gsnsrsl
1206 4381 1271 4418 con·
