3268 5146
356 325 422 391 27⁰
688 324 861 391 NOVUM
885 323 1133 391 ORGANUM.

357 493 451 562 cimo
473 499 600 560 octavo
623 487 809 560 instantior
832 489 900 560 οἱα·
911 513 924 570 ;
949 511 1036 582 quaa
1061 489 1170 560 etiam
1193 485 1382 560 instantias
1404 488 1460 562 iti·

358 615 525 688 montet,
556 613 589 677 et
617 605 803 678 instantior
836 603 1038 678 antem
1068 605 1248 700 appellare
1277 607 1464 680 comneni·

356 719 482 796 mue⁴⁶.
534 721 597 794 Eae
613 732 706 806 aunt,
724 746 803 816 quae
820 723 980 796 indicant
995 732 1132 795 nature
1147 731 1268 794 motos
1284 723 1461 818 pedatim

356 843 593 914 continuatos.
655 839 738 912 Hoc
766 849 889 912 eutem
918 863 1032 934 genus
1061 841 1312 912 imtuutiarum
1344 841 1462 934 potius

356 958 451 1055 fugit
479 957 772 1041 observationem,
800 979 906 1049 quam
937 977 1089 1028 sensum.
1153 955 1251 1027 Mira
1280 957 1378 1028 enim
1406 967 1461 1030 em

356 1070 543 1145 hominum
561 1075 654 1145 circa
670 1073 762 1144 hanc
778 1093 854 1144 rem
871 1073 1108 1166 indiligentia
1159 1071 1462 1167 contemplantur

356 1191 534 1284 siquidem
550 1199 713 1262 naturam
730 1190 979 1262 tantummodo
1002 1189 1195 1262 desultorie
1213 1197 1252 1262 et
1267 1213 1333 1284 per
1349 1191 1462 1284 perio·

356 1309 430 1390 dos,
448 1316 486 1378 et
503 1316 690 1400 postquam
707 1327 854 1399 corpora
876 1307 1010 1378 inerint
1025 1306 1190 1378 absoluta
1206 1329 1249 1378 ac
1271 1307 1461 1400 complem

355 1435 395 1496 et
412 1447 482 1494 non
501 1425 537 1494 in
555 1424 759 1516 operatione
779 1443 853 1492 sua.
903 1421 1056 1507 Quodsi
1076 1423 1222 1494 ortiiicie
1240 1423 1391 1516 alicujus
1408 1426 1462 1496 iu·

356 1541 461 1634 genia
483 1547 522 1610 et
544 1539 752 1609 industriam
771 1538 955 1632 explorare
978 1549 1016 1610 et
1032 1535 1268 1633 contemplari
1294 1541 1375 1633 quin
1399 1563 1461 1614 ou·

356 1663 469 1748 peret,
486 1655 515 1726 is
536 1677 607 1724 non
625 1663 767 1724 tentum
784 1656 949 1726 materiae
964 1657 1070 1728 rudee
1086 1651 1186 1738 artie,
1200 1665 1310 1750 atque
1331 1657 1461 1730 deiude

355 1793 463 1864 opera
479 1770 645 1863 perfecte,
663 1771 865 1864 conspicere
888 1770 1125 1858 desiderarem
1151 1776 1214 1846 sed
1231 1776 1352 1868 potius
1370 1797 1461 1869 prar-

353 1909 436 1960 eenr
453 1909 539 1972 esee,
550 1911 632 1958 cum
650 1887 779 1960 artifex
795 1897 962 1981 operatur
979 1898 1017 1960 et
1034 1912 1123 1983 opua
1139 1913 1245 1964 auum
1263 1900 1459 1985 promovet.

356 2003 481 2097 Atque
510 2003 626 2075 simile
655 2003 824 2096 quiddam
855 2005 949 2076 eirca
976 2015 1139 2076 naturam
1165 2007 1368 2078 faciendum
1393 2017 1459 2080 eet.

356 2119 522 2213 Exempli
547 2121 684 2214 gretia;
709 2120 739 2190 ei
762 2121 841 2212 quie
865 2121 910 2193 de
927 2123 1152 2216 vegetatione
1178 2121 1382 2215 pleniorum
1407 2125 1461 2194 iu-

355 2237 483 2327 quirat,
501 2235 534 2306 ei
553 2235 812 2328 inspiciendum
830 2245 884 2308 est
907 2236 953 2307 ab
976 2239 1052 2331 ipsa
1068 2240 1206 2310 catione
1228 2240 1374 2310 neminie
1397 2238 1462 2312 ali·

353 2352 466 2444 cujus,
484 2349 536 2445 (id
554 2351 650 2443 quod
668 2373 732 2443 per
747 2355 1017 2436 extructionem,
1036 2356 1136 2446 quasi
1153 2355 1303 2450 singulis
1320 2355 1459 2437 diebus,

353 2466 540 2550 neminum,
567 2491 645 2560 qua
673 2489 740 2561 per
769 2469 929 2552 biduum,
955 2471 1127 2555 triduum,
1152 2472 1395 2564 quatriduum,
1421 2484 1460 2544 et

353 2585 404 2656 eic
427 2585 595 2676 deinceps
617 2585 654 2653 in
675 2592 770 2656 terra
793 2596 1010 2672 manserunt,
1027 2610 1222 2682 eorumque
1246 2589 1459 2684 diligentem

354 2701 538 2784 intuitum,
556 2699 659 2772 facile
675 2701 751 2772 fieri
770 2707 903 2798 potest)
920 2705 1098 2796 quomodo
1120 2713 1158 2776 et
1175 2707 1319 2798 quaudo
1334 2729 1459 2778 semen
1591 2783 1592 2818 ἒ

352 2818 590 2888 intumescere
619 2825 657 2886 et
688 2827 830 2912 turgere
856 2820 1011 2911 incipiat,
1039 2830 1077 2892 et
1098 2821 1210 2892 veluti
1236 2823 1364 2915 spiritu
1392 2824 1459 2894 im-

352 2933 466 3028 pleri3
491 2934 621 3006 deinde
646 2935 825 3027 quomodo
851 2935 1057 3008 ccrticulam
1085 2959 1261 3030 rumpere,
1286 2947 1327 3010 et
1352 2941 1459 3010 emit·
1591 2999 1592 3004 ,

353 3059 431 3124 tere
456 3051 571 3135 fibras,
589 3074 672 3122 cum
699 3051 833 3124 latione
857 3050 1029 3124 nonnulla
1053 3055 1107 3124 eui
1132 3053 1278 3126 interim
1307 3077 1458 3138 arreum,

353 3169 419 3240 niei
443 3179 538 3240 terra
561 3169 670 3238 inerit
691 3167 885 3239 admodum
902 3176 1119 3252 contumax3
1145 3171 1326 3262 quomodo
1349 3174 1459 3244 etiam

353 3287 497 3357 emittat
520 3286 635 3368 fibras,
654 3283 783 3377 partim
809 3283 980 3355 radicalcs
1003 3286 1177 3369 deorsum,
1195 3289 1326 3380 partim
1350 3287 1460 3359 cauli·

354 3403 489 3474 cularee
510 3423 660 3480 sursum,
678 3399 868 3492 aliquando
886 3401 1059 3493 serpendo
1076 3425 1140 3494 per
1162 3400 1284 3484 latere,
1301 3404 1332 3474 ei
1352 3425 1400 3475 ex
1417 3427 1459 3474 eu

353 3527 454 3612 parte
485 3518 643 3587 inveniat
673 3523 804 3588 terram
833 3529 993 3610 apertam
1024 3527 1062 3588 et
1092 3519 1205 3612 megie
1235 3519 1389 3602 facilem,
1420 3530 1459 3593 et

353 3633 537 3726 complure
559 3633 595 3702 id
613 3654 737 3725 genus.
789 3631 963 3704 Similiter
979 3633 1095 3708 facere
1118 3643 1262 3727 oportet
1283 3637 1379 3708 qim
1395 3660 1459 3710 03.
1591 3673 1592 3678 ,

353 3747 547 3821 elusionem
563 3770 734 3835 ovorum;
762 3745 822 3816 ubi
845 3747 949 3818 facile
973 3751 1128 3843 conspici
1154 3751 1299 3822 dabitur
1318 3775 1460 3846 procea-
1591 3749 1592 3842 J

353 3886 412 3936 aue
440 3863 640 3934 vivificandi
666 3872 704 3933 et
729 3862 968 3956 organizandi,
994 3866 1141 3958 etquid
1167 3877 1206 3938 et
1231 3891 1314 3960 quae
1338 3880 1460 3964 partes
1591 3843 1592 3870 ³

387 4051 884 4123 nutrimentum·
925 4055 1462 4130 eremmonvameaepno
1591 4037 1592 4058 *

352 4135 398 4205 inq
409 4133 544 4188 lartcmr
555 4131 578 4185 ia
590 4131 646 4186 eleo
658 4139 718 4186 truc
732 4131 803 4186 bere.
841 4131 884 4186 ct.
925 4151 1025 4190 senece
1062 4133 1135 4190 Both
1152 4135 1184 4190 oi
1198 4133 1272 4190 them
1288 4135 1374 4191 touch
1385 4153 1460 4208 upon

353 4231 442 4284 cupra,
459 4212 497 4266 11.
508 4227 550 4282 23.
592 4210 617 4264 It
638 4211 660 4266 ir
685 4209 752 4266 hard
775 4219 804 4264 to
828 4209 883 4266 die·
925 4211 971 4266 the
983 4213 1108 4283 provinca
1119 4213 1152 4269 oi
1160 4213 1205 4269 tlte
1217 4213 1459 4276 mmm.-

351 4290 473 4364 tingoirh
490 4289 608 4345 between
624 4289 706 4353 than,
719 4297 812 4358 except
826 4288 884 4344 tlrat
924 4307 955 4346 aa
967 4291 1059 4346 Buoou
1074 4293 1165 4348 allow·
1182 4299 1212 4348 ut
1224 4291 1271 4348 tlrc
1287 4293 1341 4349 eud
1360 4294 1392 4349 ct
1406 4293 1461 4350 tirio

352 4371 427 4426 thero
438 4370 573 4424 loricam
585 4367 619 4437 os
626 4369 669 4423 tlte
685 4367 750 4438 Woy
763 4383 807 4421 are
819 4368 883 4439 only
925 4368 1080 4442 Apboriam.
