<?xml version="1.0" encoding="UTF-8"?>
<!DOCTYPE html PUBLIC "-//W3C//DTD XHTML 1.0 Transitional//EN"
    "http://www.w3.org/TR/xhtml1/DTD/xhtml1-transitional.dtd">
<html xmlns="http://www.w3.org/1999/xhtml" xml:lang="en" lang="en">
 <head>
  <title>
</title>
<meta http-equiv="Content-Type" content="text/html;charset=utf-8" />
  <meta name='ocr-system' content='tesseract 3.04.00' />
  <meta name='ocr-capabilities' content='ocr_page ocr_carea ocr_par ocr_line ocrx_word'/>
</head>
<body>
  <div class='ocr_page' id='page_1' title='image "./franciscibaconi01kitcgoog_0285.png"; bbox 0 0 3268 5146; ppageno 0'>
   <div class='ocr_carea' id='block_1_1' title="bbox 329 251 1436 1784">
    <p class='ocr_par' dir='ltr' id='par_1_1' title="bbox 329 251 1101 322">
     <span class='ocr_line' id='line_1_1' title="bbox 329 251 1101 322; baseline -0.008 0"><span class='ocrx_word' id='word_1_1' title='bbox 329 253 395 322; x_wconf 75' lang='lat'><strong>266</strong></span> <span class='ocrx_word' id='word_1_2' title='bbox 655 254 828 320; x_wconf 88' lang='lat' dir='ltr'><strong>NOVUM</strong></span> <span class='ocrx_word' id='word_1_3' title='bbox 851 251 1101 320; x_wconf 80' lang='lat' dir='ltr'>OBGANUM.</span> 
     </span>
    </p>

    <p class='ocr_par' dir='ltr' id='par_1_2' title="bbox 330 413 1433 1184">
     <span class='ocr_line' id='line_1_2' title="bbox 330 413 1429 510; baseline -0.005 -20"><span class='ocrx_word' id='word_1_4' title='bbox 330 417 547 490; x_wconf 69' lang='lat' dir='ltr'><strong>auxiliantur</strong></span> <span class='ocrx_word' id='word_1_5' title='bbox 567 420 696 492; x_wconf 84' lang='lat' dir='ltr'><strong>sensui.</strong></span> <span class='ocrx_word' id='word_1_6' title='bbox 748 419 842 492; x_wconf 85' lang='lat' dir='ltr'><strong>Cum</strong></span> <span class='ocrx_word' id='word_1_7' title='bbox 862 419 958 491; x_wconf 89' lang='lat' dir='ltr'><strong>enim</strong></span> <span class='ocrx_word' id='word_1_8' title='bbox 975 417 1091 490; x_wconf 90' lang='lat' dir='ltr'><strong>omnis</strong></span> <span class='ocrx_word' id='word_1_9' title='bbox 1114 413 1355 510; x_wconf 69' lang='lat' dir='ltr'><strong>interpretatio</strong></span> <span class='ocrx_word' id='word_1_10' title='bbox 1373 435 1429 484; x_wconf 90' lang='lat' dir='ltr'><strong>nc·</strong></span> 
     </span>
     <span class='ocr_line' id='line_1_3' title="bbox 331 527 1430 628; baseline -0.005 -22"><span class='ocrx_word' id='word_1_11' title='bbox 331 540 421 606; x_wconf 73' lang='lat' dir='ltr'><strong>nna</strong></span> <span class='ocrx_word' id='word_1_12' title='bbox 436 533 582 628; x_wconf 78' lang='lat' dir='ltr'><strong>incipiat</strong></span> <span class='ocrx_word' id='word_1_13' title='bbox 597 558 620 606; x_wconf 86' lang='lat' dir='ltr'><strong>a</strong></span> <span class='ocrx_word' id='word_1_14' title='bbox 636 557 764 619; x_wconf 83' lang='lat' dir='ltr'><strong>sensu:</strong></span> <span class='ocrx_word' id='word_1_15' title='bbox 790 543 899 628; x_wconf 88' lang='lat' dir='ltr'><strong>atque</strong></span> <span class='ocrx_word' id='word_1_16' title='bbox 915 557 938 607; x_wconf 88' lang='lat' dir='ltr'><strong>n</strong></span> <span class='ocrx_word' id='word_1_17' title='bbox 952 556 1121 606; x_wconf 90' lang='lat' dir='ltr'><strong>sensuum</strong></span> <span class='ocrx_word' id='word_1_18' title='bbox 1138 527 1430 625; x_wconf 72' lang='lat' dir='ltr'><strong>perceptionibus,</strong></span> 
     </span>
     <span class='ocr_line' id='line_1_4' title="bbox 332 646 1431 741; baseline -0.004 -21"><span class='ocrx_word' id='word_1_19' title='bbox 332 657 440 732; x_wconf 86' lang='lat' dir='ltr'><strong>recta,</strong></span> <span class='ocrx_word' id='word_1_20' title='bbox 462 650 649 732; x_wconf 72' lang='lat' dir='ltr'><strong>constanti,</strong></span> <span class='ocrx_word' id='word_1_21' title='bbox 672 659 710 722; x_wconf 86' lang='lat' dir='ltr'><strong>et</strong></span> <span class='ocrx_word' id='word_1_22' title='bbox 734 649 873 720; x_wconf 85' lang='lat' dir='ltr'><strong>munita</strong></span> <span class='ocrx_word' id='word_1_23' title='bbox 895 650 964 733; x_wconf 81' lang='lat' dir='ltr'><strong>vin,</strong></span> <span class='ocrx_word' id='word_1_24' title='bbox 981 650 1092 720; x_wconf 87' lang='lat' dir='ltr'><strong>ducat</strong></span> <span class='ocrx_word' id='word_1_25' title='bbox 1117 646 1163 720; x_wconf 88' lang='lat' dir='ltr'><strong>ad</strong></span> <span class='ocrx_word' id='word_1_26' title='bbox 1189 648 1431 741; x_wconf 75' lang='lat' dir='ltr'><strong>perceptiones</strong></span> 
     </span>
     <span class='ocr_line' id='line_1_5' title="bbox 332 762 1433 857; baseline -0.003 -21"><span class='ocrx_word' id='word_1_27' title='bbox 332 762 549 847; x_wconf 87' lang='lat' dir='ltr'><strong>intellectus,</strong></span> <span class='ocrx_word' id='word_1_28' title='bbox 570 789 647 857; x_wconf 83' lang='lat' dir='ltr'><strong>quae</strong></span> <span class='ocrx_word' id='word_1_29' title='bbox 671 773 757 838; x_wconf 90' lang='lat' dir='ltr'><strong>sunt</strong></span> <span class='ocrx_word' id='word_1_30' title='bbox 781 765 944 836; x_wconf 89' lang='lat' dir='ltr'><strong>notiones</strong></span> <span class='ocrx_word' id='word_1_31' title='bbox 968 787 1059 836; x_wconf 79' lang='lat' dir='ltr'><strong>verte</strong></span> <span class='ocrx_word' id='word_1_32' title='bbox 1084 773 1123 836; x_wconf 89' lang='lat' dir='ltr'><strong>et</strong></span> <span class='ocrx_word' id='word_1_33' title='bbox 1148 765 1349 836; x_wconf 64' lang='lat' dir='ltr'><strong>mamam:</strong></span> <span class='ocrx_word' id='word_1_34' title='bbox 1375 785 1433 833; x_wconf 90' lang='lat' dir='ltr'><strong>ne·</strong></span> 
     </span>
     <span class='ocr_line' id='line_1_6' title="bbox 332 878 1433 974; baseline -0.005 -22"><span class='ocrx_word' id='word_1_35' title='bbox 332 901 429 952; x_wconf 87' lang='lat' dir='ltr'><strong>cesse</strong></span> <span class='ocrx_word' id='word_1_36' title='bbox 453 889 518 964; x_wconf 82' lang='lat' dir='ltr'><strong>est.</strong></span> <span class='ocrx_word' id='word_1_37' title='bbox 539 889 582 952; x_wconf 89' lang='lat' dir='ltr'><strong>ut</strong></span> <span class='ocrx_word' id='word_1_38' title='bbox 605 889 738 974; x_wconf 87' lang='lat' dir='ltr'><strong>quanto</strong></span> <span class='ocrx_word' id='word_1_39' title='bbox 764 879 877 974; x_wconf 78' lang='lat' dir='ltr'><strong>magis</strong></span> <span class='ocrx_word' id='word_1_40' title='bbox 900 881 1051 974; x_wconf 74' lang='lat' dir='ltr'><strong>copiose</strong></span> <span class='ocrx_word' id='word_1_41' title='bbox 1075 890 1115 952; x_wconf 88' lang='lat' dir='ltr'><strong>et</strong></span> <span class='ocrx_word' id='word_1_42' title='bbox 1139 888 1277 952; x_wconf 79' lang='lat' dir='ltr'><strong>exacta:</strong></span> <span class='ocrx_word' id='word_1_43' title='bbox 1302 878 1433 948; x_wconf 72' lang='lat' dir='ltr'><strong>iruerint</strong></span> 
     </span>
     <span class='ocr_line' id='line_1_7' title="bbox 332 995 1433 1090; baseline -0.005 -22"><span class='ocrx_word' id='word_1_44' title='bbox 332 997 669 1089; x_wconf 65' lang='lat' dir='ltr'><strong>commentationes,</strong></span> <span class='ocrx_word' id='word_1_45' title='bbox 692 995 766 1066; x_wconf 88' lang='lat' dir='ltr'><strong>sive</strong></span> <span class='ocrx_word' id='word_1_46' title='bbox 791 995 1014 1088; x_wconf 81' lang='lat' dir='ltr'><strong>praebitiones</strong></span> <span class='ocrx_word' id='word_1_47' title='bbox 1039 997 1149 1090; x_wconf 88' lang='lat' dir='ltr'><strong>ipsius</strong></span> <span class='ocrx_word' id='word_1_48' title='bbox 1174 1017 1310 1081; x_wconf 86' lang='lat' dir='ltr'><strong>senens,</strong></span> <span class='ocrx_word' id='word_1_49' title='bbox 1335 1001 1433 1064; x_wconf 89' lang='lat' dir='ltr'><strong>tanto</strong></span> 
     </span>
     <span class='ocr_line' id='line_1_8' title="bbox 332 1107 973 1184; baseline -0.005 0"><span class='ocrx_word' id='word_1_50' title='bbox 332 1111 452 1184; x_wconf 84' lang='lat' dir='ltr'><strong>omnia</strong></span> <span class='ocrx_word' id='word_1_51' title='bbox 469 1111 598 1182; x_wconf 76' lang='lat' dir='ltr'><strong>cedam</strong></span> <span class='ocrx_word' id='word_1_52' title='bbox 615 1108 754 1182; x_wconf 85' lang='lat' dir='ltr'><strong>facilins</strong></span> <span class='ocrx_word' id='word_1_53' title='bbox 770 1117 809 1179; x_wconf 88' lang='lat' dir='ltr'><strong>et</strong></span> <span class='ocrx_word' id='word_1_54' title='bbox 826 1107 973 1181; x_wconf 86' lang='lat' dir='ltr'><strong>felicius.</strong></span> 
     </span>
    </p>

    <p class='ocr_par' dir='ltr' id='par_1_3' title="bbox 331 1219 1436 1784">
     <span class='ocr_line' id='line_1_9' title="bbox 384 1219 1436 1317; baseline -0.002 -22"><span class='ocrx_word' id='word_1_55' title='bbox 384 1224 523 1297; x_wconf 87' lang='lat' dir='ltr'><strong>Harum</strong></span> <span class='ocrx_word' id='word_1_56' title='bbox 549 1233 670 1297; x_wconf 90' lang='lat' dir='ltr'><strong>autem</strong></span> <span class='ocrx_word' id='word_1_57' title='bbox 696 1225 854 1317; x_wconf 86' lang='lat' dir='ltr'><strong>quinque</strong></span> <span class='ocrx_word' id='word_1_58' title='bbox 879 1222 1128 1296; x_wconf 70' lang='lat' dir='ltr'><strong>instantiarum</strong></span> <span class='ocrx_word' id='word_1_59' title='bbox 1154 1219 1342 1317; x_wconf 67' lang='lat' dir='ltr'><strong>lampadae,</strong></span> <span class='ocrx_word' id='word_1_60' title='bbox 1366 1223 1436 1317; x_wconf 87' lang='lat' dir='ltr'><strong>pri·</strong></span> 
     </span>
     <span class='ocr_line' id='line_1_10' title="bbox 332 1337 1434 1433; baseline -0.001 -21"><span class='ocrx_word' id='word_1_61' title='bbox 332 1337 431 1412; x_wconf 78' lang='lat' dir='ltr'><strong>mae³¹</strong></span> <span class='ocrx_word' id='word_1_62' title='bbox 455 1341 630 1422; x_wconf 79' lang='lat' dir='ltr'><strong>roborant,</strong></span> <span class='ocrx_word' id='word_1_63' title='bbox 648 1338 831 1433; x_wconf 73' lang='lat' dir='ltr'><strong>ampliant,</strong></span> <span class='ocrx_word' id='word_1_64' title='bbox 850 1350 889 1411; x_wconf 87' lang='lat' dir='ltr'><strong>et</strong></span> <span class='ocrx_word' id='word_1_65' title='bbox 913 1341 1109 1412; x_wconf 86' lang='lat' dir='ltr'><strong>rectilioant</strong></span> <span class='ocrx_word' id='word_1_66' title='bbox 1133 1341 1293 1412; x_wconf 83' lang='lat' dir='ltr'><strong>actiones</strong></span> <span class='ocrx_word' id='word_1_67' title='bbox 1313 1361 1434 1411; x_wconf 83' lang='lat' dir='ltr'><strong>nemun</strong></span> 
     </span>
     <span class='ocr_line' id='line_1_11' title="bbox 331 1454 1434 1528; baseline 0 -2"><span class='ocrx_word' id='word_1_68' title='bbox 331 1456 577 1528; x_wconf 86' lang='lat' dir='ltr'><strong>immediatas:</strong></span> <span class='ocrx_word' id='word_1_69' title='bbox 608 1457 771 1527; x_wconf 79' lang='lat' dir='ltr'><strong>secunda:</strong></span> <span class='ocrx_word' id='word_1_70' title='bbox 797 1456 981 1528; x_wconf 87' lang='lat' dir='ltr'><strong>deducunt</strong></span> <span class='ocrx_word' id='word_1_71' title='bbox 1005 1454 1260 1528; x_wconf 88' lang='lat' dir='ltr'><strong>non-sensibile</strong></span> <span class='ocrx_word' id='word_1_72' title='bbox 1285 1457 1332 1528; x_wconf 82' lang='lat' dir='ltr'><strong>sd</strong></span> <span class='ocrx_word' id='word_1_73' title='bbox 1358 1477 1434 1526; x_wconf 90' lang='lat' dir='ltr'><strong>sen-</strong></span> 
     </span>
     <span class='ocr_line' id='line_1_12' title="bbox 332 1571 1434 1666; baseline -0.002 -22"><span class='ocrx_word' id='word_1_74' title='bbox 332 1571 453 1644; x_wconf 88' lang='lat' dir='ltr'><strong>sibile:</strong></span> <span class='ocrx_word' id='word_1_75' title='bbox 480 1572 594 1643; x_wconf 76' lang='lat' dir='ltr'><strong>tertie</strong></span> <span class='ocrx_word' id='word_1_76' title='bbox 611 1571 772 1644; x_wconf 86' lang='lat' dir='ltr'><strong>indicent</strong></span> <span class='ocrx_word' id='word_1_77' title='bbox 788 1595 970 1666; x_wconf 74' lang='lat' dir='ltr'><strong>processus</strong></span> <span class='ocrx_word' id='word_1_78' title='bbox 991 1573 1218 1644; x_wconf 88' lang='lat' dir='ltr'><strong>continuatos</strong></span> <span class='ocrx_word' id='word_1_79' title='bbox 1236 1575 1312 1644; x_wconf 86' lang='lat' dir='ltr'><strong>sive</strong></span> <span class='ocrx_word' id='word_1_80' title='bbox 1328 1573 1434 1644; x_wconf 90' lang='lat' dir='ltr'><strong>series</strong></span> 
     </span>
     <span class='ocr_line' id='line_1_13' title="bbox 332 1689 1436 1784; baseline -0.002 -22"><span class='ocrx_word' id='word_1_81' title='bbox 332 1711 454 1762; x_wconf 73' lang='lat' dir='ltr'><strong>eanum</strong></span> <span class='ocrx_word' id='word_1_82' title='bbox 476 1709 595 1759; x_wconf 88' lang='lat' dir='ltr'><strong>rernm</strong></span> <span class='ocrx_word' id='word_1_83' title='bbox 617 1697 657 1760; x_wconf 89' lang='lat' dir='ltr'><strong>et</strong></span> <span class='ocrx_word' id='word_1_84' title='bbox 678 1698 853 1773; x_wconf 84' lang='lat' dir='ltr'><strong>motuum,</strong></span> <span class='ocrx_word' id='word_1_85' title='bbox 870 1711 949 1782; x_wconf 78' lang='lat' dir='ltr'><strong>qun</strong></span> <span class='ocrx_word' id='word_1_86' title='bbox 969 1690 1026 1781; x_wconf 89' lang='lat' dir='ltr'><strong>(ut</strong></span> <span class='ocrx_word' id='word_1_87' title='bbox 1047 1689 1258 1784; x_wconf 84' lang='lat' dir='ltr'><strong>plurimum)</strong></span> <span class='ocrx_word' id='word_1_88' title='bbox 1275 1711 1349 1760; x_wconf 92' lang='lat' dir='ltr'><strong>non</strong></span> <span class='ocrx_word' id='word_1_89' title='bbox 1373 1711 1436 1760; x_wconf 91' lang='lat' dir='ltr'><strong>no-</strong></span> 
     </span>
    </p>
   </div>
   <div class='ocr_carea' id='block_1_2' title="bbox 332 1803 1567 2014">
    <p class='ocr_par' dir='ltr' id='par_1_4' title="bbox 332 1803 1567 2014">
     <span class='ocr_line' id='line_1_14' title="bbox 332 1803 1565 1899; baseline -0.001 -22"><span class='ocrx_word' id='word_1_90' title='bbox 332 1813 465 1888; x_wconf 85' lang='lat' dir='ltr'><strong>tantur,</strong></span> <span class='ocrx_word' id='word_1_91' title='bbox 482 1803 549 1876; x_wconf 88' lang='lat' dir='ltr'><strong>nisi</strong></span> <span class='ocrx_word' id='word_1_92' title='bbox 574 1805 611 1875; x_wconf 91' lang='lat' dir='ltr'><strong>in</strong></span> <span class='ocrx_word' id='word_1_93' title='bbox 629 1805 729 1876; x_wconf 84' lang='lat' dir='ltr'><strong>exitu</strong></span> <span class='ocrx_word' id='word_1_94' title='bbox 752 1813 817 1876; x_wconf 86' lang='lat' dir='ltr'><strong>eut</strong></span> <span class='ocrx_word' id='word_1_95' title='bbox 839 1805 1011 1899; x_wconf 86' lang='lat' dir='ltr'><strong>periodis:</strong></span> <span class='ocrx_word' id='word_1_96' title='bbox 1037 1813 1172 1898; x_wconf 86' lang='lat' dir='ltr'><strong>qunrtae</strong></span> <span class='ocrx_word' id='word_1_97' title='bbox 1196 1804 1332 1898; x_wconf 80' lang='lat' dir='ltr'><strong>aliquid</strong></span> <span class='ocrx_word' id='word_1_98' title='bbox 1354 1805 1436 1876; x_wconf 89' lang='lat' dir='ltr'><strong>eub-</strong></span> <span class='ocrx_word' id='word_1_99' title='bbox 1564 1850 1565 1884; x_wconf 48' lang='lat' dir='ltr'><strong>r</strong></span> 
     </span>
     <span class='ocr_line' id='line_1_15' title="bbox 332 1921 1567 2014; baseline 0.001 -21"><span class='ocrx_word' id='word_1_100' title='bbox 332 1923 489 1994; x_wconf 89' lang='lat' dir='ltr'><strong>stituunt</strong></span> <span class='ocrx_word' id='word_1_101' title='bbox 512 1921 628 1992; x_wconf 90' lang='lat' dir='ltr'><strong>sensui</strong></span> <span class='ocrx_word' id='word_1_102' title='bbox 655 1921 692 1991; x_wconf 90' lang='lat' dir='ltr'><strong>in</strong></span> <span class='ocrx_word' id='word_1_103' title='bbox 713 1921 820 1993; x_wconf 87' lang='lat' dir='ltr'><strong>meris</strong></span> <span class='ocrx_word' id='word_1_104' title='bbox 846 1921 1159 1994; x_wconf 85' lang='lat' dir='ltr'><strong>destitutionibus:</strong></span> <span class='ocrx_word' id='word_1_105' title='bbox 1186 1923 1320 2014; x_wconf 74' lang='lat' dir='ltr'><strong>quinte</strong></span> <span class='ocrx_word' id='word_1_106' title='bbox 1341 1923 1435 1994; x_wconf 85' lang='lat' dir='ltr'><strong>exci-</strong></span> <span class='ocrx_word' id='word_1_107' title='bbox 1565 1925 1567 2012; x_wconf 60' lang='grc' dir='ltr'>ζ</span> 
     </span>
    </p>
   </div>
   <div class='ocr_carea' id='block_1_3' title="bbox 334 2037 1435 2132">
    <p class='ocr_par' dir='ltr' id='par_1_5' title="bbox 334 2037 1435 2132">
     <span class='ocr_line' id='line_1_16' title="bbox 334 2037 1435 2132; baseline 0 -22"><span class='ocrx_word' id='word_1_108' title='bbox 334 2045 415 2110; x_wconf 84' lang='lat' dir='ltr'><strong>tunt</strong></span> <span class='ocrx_word' id='word_1_109' title='bbox 444 2037 681 2110; x_wconf 76' lang='lat' dir='ltr'><strong>attentionem</strong></span> <span class='ocrx_word' id='word_1_110' title='bbox 712 2058 833 2108; x_wconf 90' lang='lat' dir='ltr'><strong>sensns</strong></span> <span class='ocrx_word' id='word_1_111' title='bbox 863 2046 903 2108; x_wconf 90' lang='lat' dir='ltr'><strong>et</strong></span> <span class='ocrx_word' id='word_1_112' title='bbox 931 2039 1202 2121; x_wconf 82' lang='lat' dir='ltr'><strong>advertentiam,</strong></span> <span class='ocrx_word' id='word_1_113' title='bbox 1227 2047 1338 2132; x_wconf 83' lang='lat' dir='ltr'><strong>atque</strong></span> <span class='ocrx_word' id='word_1_114' title='bbox 1365 2061 1435 2110; x_wconf 86' lang='lat' dir='ltr'><strong>nna</strong></span> 
     </span>
    </p>
   </div>
   <div class='ocr_carea' id='block_1_4' title="bbox 334 2150 1569 2250">
    <p class='ocr_par' dir='ltr' id='par_1_6' title="bbox 334 2150 1569 2250">
     <span class='ocr_line' id='line_1_17' title="bbox 334 2150 1569 2250; baseline 0.006 -27"><span class='ocrx_word' id='word_1_115' title='bbox 334 2153 491 2225; x_wconf 81' lang='lat' dir='ltr'><strong>limitent</strong></span> <span class='ocrx_word' id='word_1_116' title='bbox 520 2150 754 2225; x_wconf 77' lang='lat' dir='ltr'><strong>subtilitatem</strong></span> <span class='ocrx_word' id='word_1_117' title='bbox 782 2175 913 2224; x_wconf 85' lang='lat' dir='ltr'><strong>rerum.</strong></span> <span class='ocrx_word' id='word_1_118' title='bbox 970 2151 1028 2226; x_wconf 88' lang='lat' dir='ltr'><strong>Dc</strong></span> <span class='ocrx_word' id='word_1_119' title='bbox 1056 2153 1112 2225; x_wconf 85' lang='lat' dir='ltr'><strong>his</strong></span> <span class='ocrx_word' id='word_1_120' title='bbox 1138 2161 1262 2225; x_wconf 84' lang='lat' dir='ltr'><strong>autem</strong></span> <span class='ocrx_word' id='word_1_121' title='bbox 1289 2153 1435 2250; x_wconf 77' lang='lat' dir='ltr'><strong>singulis</strong></span> <span class='ocrx_word' id='word_1_122' title='bbox 1568 2156 1569 2160; x_wconf 69' lang='grc'>’</span> 
     </span>
    </p>
   </div>
   <div class='ocr_carea' id='block_1_5' title="bbox 328 2271 697 2365">
    <p class='ocr_par' dir='ltr' id='par_1_7' title="bbox 328 2271 697 2365">
     <span class='ocr_line' id='line_1_18' title="bbox 328 2271 697 2365; baseline -0.005 -21"><span class='ocrx_word' id='word_1_123' title='bbox 328 2271 406 2365; x_wconf 88' lang='lat' dir='ltr'><strong>jam</strong></span> <span class='ocrx_word' id='word_1_124' title='bbox 423 2271 614 2344; x_wconf 89' lang='lat' dir='ltr'><strong>dicendum</strong></span> <span class='ocrx_word' id='word_1_125' title='bbox 632 2280 697 2343; x_wconf 87' lang='lat' dir='ltr'><strong>est.</strong></span> 
     </span>
    </p>
   </div>
   <div class='ocr_carea' id='block_1_6' title="bbox 792 2459 985 2534">
    <p class='ocr_par' dir='ltr' id='par_1_8' title="bbox 792 2459 985 2534">
     <span class='ocr_line' id='line_1_19' title="bbox 792 2459 985 2534; baseline 0.016 -3"><span class='ocrx_word' id='word_1_126' title='bbox 792 2459 985 2534; x_wconf 90' lang='lat' dir='ltr'>XXXIX.</span> 
     </span>
    </p>
   </div>
   <div class='ocr_carea' id='block_1_7' title="bbox 334 2585 1438 3375">
    <p class='ocr_par' dir='ltr' id='par_1_9' title="bbox 334 2585 1438 3375">
     <span class='ocr_line' id='line_1_20' title="bbox 384 2585 1437 2684; baseline 0.001 -26"><span class='ocrx_word' id='word_1_127' title='bbox 384 2587 486 2658; x_wconf 87' lang='lat' dir='ltr'><strong>Inter</strong></span> <span class='ocrx_word' id='word_1_128' title='bbox 504 2586 758 2684; x_wconf 76' lang='lat' dir='ltr'><strong>proeropnticae</strong></span> <span class='ocrx_word' id='word_1_129' title='bbox 786 2585 1043 2673; x_wconf 62' lang='lat' dir='ltr'><strong>instantiarum</strong></span> <span class='ocrx_word' id='word_1_130' title='bbox 1071 2609 1246 2682; x_wconf 88' lang='lat' dir='ltr'><strong>ponemus</strong></span> <span class='ocrx_word' id='word_1_131' title='bbox 1271 2587 1351 2660; x_wconf 90' lang='lat' dir='ltr'><strong>loco</strong></span> <span class='ocrx_word' id='word_1_132' title='bbox 1376 2588 1437 2659; x_wconf 91' lang='lat' dir='ltr'><strong>de-</strong></span> 
     </span>
     <span class='ocr_line' id='line_1_21' title="bbox 334 2700 1436 2798; baseline 0 -23"><span class='ocrx_word' id='word_1_133' title='bbox 334 2705 428 2775; x_wconf 88' lang='lat' dir='ltr'><strong>cimo</strong></span> <span class='ocrx_word' id='word_1_134' title='bbox 450 2712 553 2774; x_wconf 88' lang='lat' dir='ltr'><strong>sexto</strong></span> <span class='ocrx_word' id='word_1_135' title='bbox 577 2700 761 2774; x_wconf 78' lang='lat' dir='ltr'><strong>instantiae</strong></span> <span class='ocrx_word' id='word_1_136' title='bbox 776 2701 901 2796; x_wconf 69' lang='lat' dir='ltr'><strong>panna:</strong></span> <span class='ocrx_word' id='word_1_137' title='bbox 923 2704 997 2776; x_wconf 86' lang='lat' dir='ltr'><strong>sire</strong></span> <span class='ocrx_word' id='word_1_138' title='bbox 1018 2711 1152 2798; x_wconf 82' lang='lat' dir='ltr'><strong>porta:</strong></span> <span class='ocrx_word' id='word_1_139' title='bbox 1182 2725 1226 2774; x_wconf 87' lang='lat' dir='ltr'><strong>eo</strong></span> <span class='ocrx_word' id='word_1_140' title='bbox 1254 2705 1352 2774; x_wconf 91' lang='lat' dir='ltr'><strong>enim</strong></span> <span class='ocrx_word' id='word_1_141' title='bbox 1374 2725 1436 2775; x_wconf 92' lang='lat' dir='ltr'><strong>no-</strong></span> 
     </span>
     <span class='ocr_line' id='line_1_22' title="bbox 335 2818 1436 2912; baseline 0 -23"><span class='ocrx_word' id='word_1_142' title='bbox 335 2820 433 2890; x_wconf 89' lang='lat' dir='ltr'><strong>mine</strong></span> <span class='ocrx_word' id='word_1_143' title='bbox 457 2840 516 2889; x_wconf 87' lang='lat' dir='ltr'><strong>ens</strong></span> <span class='ocrx_word' id='word_1_144' title='bbox 541 2818 770 2912; x_wconf 87' lang='lat' dir='ltr'><strong>appellemus,</strong></span> <span class='ocrx_word' id='word_1_145' title='bbox 788 2841 866 2911; x_wconf 83' lang='lat' dir='ltr'><strong>quoe</strong></span> <span class='ocrx_word' id='word_1_146' title='bbox 885 2819 1017 2910; x_wconf 85' lang='lat' dir='ltr'><strong>juvent</strong></span> <span class='ocrx_word' id='word_1_147' title='bbox 1041 2820 1199 2891; x_wconf 83' lang='lat' dir='ltr'><strong>actiones</strong></span> <span class='ocrx_word' id='word_1_148' title='bbox 1225 2840 1347 2890; x_wconf 86' lang='lat' dir='ltr'><strong>senens</strong></span> <span class='ocrx_word' id='word_1_149' title='bbox 1372 2819 1436 2889; x_wconf 90' lang='lat' dir='ltr'><strong>im·</strong></span> 
     </span>
     <span class='ocr_line' id='line_1_23' title="bbox 334 2932 1438 3026; baseline -0.002 -20"><span class='ocrx_word' id='word_1_150' title='bbox 334 2935 518 3007; x_wconf 86' lang='lat' dir='ltr'><strong>mediatae.</strong></span> <span class='ocrx_word' id='word_1_151' title='bbox 569 2932 672 3006; x_wconf 89' lang='lat' dir='ltr'><strong>Inter</strong></span> <span class='ocrx_word' id='word_1_152' title='bbox 688 2954 811 3006; x_wconf 87' lang='lat' dir='ltr'><strong>sensns</strong></span> <span class='ocrx_word' id='word_1_153' title='bbox 835 2941 958 3004; x_wconf 90' lang='lat' dir='ltr'><strong>autem</strong></span> <span class='ocrx_word' id='word_1_154' title='bbox 984 2934 1214 3005; x_wconf 82' lang='lat' dir='ltr'><strong>manifestum</strong></span> <span class='ocrx_word' id='word_1_155' title='bbox 1238 2943 1294 3004; x_wconf 87' lang='lat' dir='ltr'><strong>est</strong></span> <span class='ocrx_word' id='word_1_156' title='bbox 1319 2941 1438 3026; x_wconf 84' lang='lat' dir='ltr'><strong>partes</strong></span> 
     </span>
     <span class='ocr_line' id='line_1_24' title="bbox 335 3047 1437 3145; baseline -0.003 -23"><span class='ocrx_word' id='word_1_157' title='bbox 335 3051 465 3145; x_wconf 82' lang='lat' dir='ltr'><strong>primas</strong></span> <span class='ocrx_word' id='word_1_158' title='bbox 481 3059 606 3121; x_wconf 88' lang='lat' dir='ltr'><strong>tenere</strong></span> <span class='ocrx_word' id='word_1_159' title='bbox 623 3050 748 3132; x_wconf 87' lang='lat' dir='ltr'><strong>visum,</strong></span> <span class='ocrx_word' id='word_1_160' title='bbox 766 3047 883 3142; x_wconf 86' lang='lat' dir='ltr'><strong>quaed</strong></span> <span class='ocrx_word' id='word_1_161' title='bbox 901 3048 1209 3122; x_wconf 81' lang='lat' dir='ltr'><strong>informationem:</strong></span> <span class='ocrx_word' id='word_1_162' title='bbox 1227 3071 1337 3142; x_wconf 81' lang='lat' dir='ltr'><strong>quare</strong></span> <span class='ocrx_word' id='word_1_163' title='bbox 1354 3049 1437 3119; x_wconf 87' lang='lat' dir='ltr'><strong>hnic</strong></span> 
     </span>
     <span class='ocr_line' id='line_1_25' title="bbox 336 3163 1437 3260; baseline -0.004 -22"><span class='ocrx_word' id='word_1_164' title='bbox 336 3167 453 3238; x_wconf 88' lang='lat' dir='ltr'><strong>sensui</strong></span> <span class='ocrx_word' id='word_1_165' title='bbox 479 3165 655 3260; x_wconf 75' lang='lat' dir='ltr'><strong>praecipue</strong></span> <span class='ocrx_word' id='word_1_166' title='bbox 679 3163 813 3234; x_wconf 84' lang='lat' dir='ltr'><strong>auxilia</strong></span> <span class='ocrx_word' id='word_1_167' title='bbox 838 3165 1088 3255; x_wconf 90' lang='lat' dir='ltr'><strong>conquirenda.</strong></span> <span class='ocrx_word' id='word_1_168' title='bbox 1139 3163 1291 3236; x_wconf 88' lang='lat' dir='ltr'><strong>Auxilia</strong></span> <span class='ocrx_word' id='word_1_169' title='bbox 1314 3173 1437 3235; x_wconf 87' lang='lat' dir='ltr'><strong>antem</strong></span> 
     </span>
     <span class='ocr_line' id='line_1_26' title="bbox 336 3279 1438 3375; baseline -0.005 -22"><span class='ocrx_word' id='word_1_170' title='bbox 336 3282 491 3375; x_wconf 86' lang='lat' dir='ltr'><strong>triplicia</strong></span> <span class='ocrx_word' id='word_1_171' title='bbox 523 3301 599 3352; x_wconf 83' lang='lat' dir='ltr'><strong>esse</strong></span> <span class='ocrx_word' id='word_1_172' title='bbox 633 3302 734 3373; x_wconf 89' lang='lat' dir='ltr'><strong>posse</strong></span> <span class='ocrx_word' id='word_1_173' title='bbox 770 3279 957 3350; x_wconf 84' lang='lat' dir='ltr'><strong>videntur:</strong></span> <span class='ocrx_word' id='word_1_174' title='bbox 999 3279 1057 3351; x_wconf 83' lang='lat' dir='ltr'><strong>vel</strong></span> <span class='ocrx_word' id='word_1_175' title='bbox 1087 3289 1129 3352; x_wconf 88' lang='lat' dir='ltr'><strong>ut</strong></span> <span class='ocrx_word' id='word_1_176' title='bbox 1159 3279 1331 3374; x_wconf 85' lang='lat' dir='ltr'><strong>percipiat</strong></span> <span class='ocrx_word' id='word_1_177' title='bbox 1364 3301 1438 3349; x_wconf 87' lang='lat' dir='ltr'><strong>non</strong></span> 
     </span>
    </p>
   </div>
   <div class='ocr_carea' id='block_1_8' title="bbox 336 3529 1443 4318">
    <p class='ocr_par' dir='ltr' id='par_1_10' title="bbox 336 3529 1443 4318">
     <span class='ocr_line' id='line_1_27' title="bbox 371 3529 1440 3603; baseline 0 -15"><span class='ocrx_word' id='word_1_178' title='bbox 371 3531 395 3574; x_wconf 80' lang='lat'><strong>⁸¹</strong></span> <span class='ocrx_word' id='word_1_179' title='bbox 413 3533 473 3588; x_wconf 76' lang='lat' dir='ltr'><strong>l&#39;hs</strong></span> <span class='ocrx_word' id='word_1_180' title='bbox 494 3529 867 3603; x_wconf 81' lang='lat' dir='ltr'><strong>rst(.lannrr)prcride1n·</strong></span> <span class='ocrx_word' id='word_1_181' title='bbox 908 3549 1015 3603; x_wconf 82' lang='lat' dir='ltr'><strong>process</strong></span> <span class='ocrx_word' id='word_1_182' title='bbox 1036 3534 1067 3589; x_wconf 90' lang='lat' dir='ltr'><strong>ol</strong></span> <span class='ocrx_word' id='word_1_183' title='bbox 1083 3531 1285 3589; x_wconf 77' lang='lat' dir='ltr'><strong>Nature-that</strong></span> <span class='ocrx_word' id='word_1_184' title='bbox 1304 3533 1326 3588; x_wconf 89' lang='lat' dir='ltr'><strong>it</strong></span> <span class='ocrx_word' id='word_1_185' title='bbox 1345 3533 1370 3588; x_wconf 83' lang='lat' dir='ltr'><strong>is</strong></span> <span class='ocrx_word' id='word_1_186' title='bbox 1391 3544 1440 3590; x_wconf 77' lang='lat' dir='ltr'><strong>nc:</strong></span> 
     </span>
     <span class='ocr_line' id='line_1_28' title="bbox 337 3609 1122 3683; baseline 0.003 -17"><span class='ocrx_word' id='word_1_187' title='bbox 337 3613 495 3668; x_wconf 80' lang='lat' dir='ltr'><strong>stmmental</strong></span> <span class='ocrx_word' id='word_1_188' title='bbox 511 3611 564 3675; x_wconf 86' lang='lat' dir='ltr'><strong>aid,</strong></span> <span class='ocrx_word' id='word_1_189' title='bbox 583 3611 636 3666; x_wconf 84' lang='lat' dir='ltr'><strong>like</strong></span> <span class='ocrx_word' id='word_1_190' title='bbox 654 3611 701 3666; x_wconf 84' lang='lat' dir='ltr'><strong>the</strong></span> <span class='ocrx_word' id='word_1_191' title='bbox 715 3609 867 3682; x_wconf 61' lang='lat' dir='ltr'><strong>tanam,</strong></span> <span class='ocrx_word' id='word_1_192' title='bbox 908 3616 982 3683; x_wconf 81' lang='lat' dir='ltr'><strong>“per</strong></span> <span class='ocrx_word' id='word_1_193' title='bbox 994 3612 1122 3668; x_wconf 82' lang='lat' dir='ltr'><strong>saltnm.”</strong></span> 
     </span>
     <span class='ocr_line' id='line_1_29' title="bbox 337 3687 1442 3763; baseline 0.004 -21"><span class='ocrx_word' id='word_1_194' title='bbox 337 3689 396 3754; x_wconf 71' lang='lat' dir='ltr'><strong>tic,</strong></span> <span class='ocrx_word' id='word_1_195' title='bbox 414 3698 444 3743; x_wconf 87' lang='lat' dir='ltr'><strong>to</strong></span> <span class='ocrx_word' id='word_1_196' title='bbox 466 3689 583 3744; x_wconf 71' lang='lat' dir='ltr'><strong>inmens</strong></span> <span class='ocrx_word' id='word_1_197' title='bbox 606 3687 660 3744; x_wconf 83' lang='lat' dir='ltr'><strong>and</strong></span> <span class='ocrx_word' id='word_1_198' title='bbox 683 3690 802 3761; x_wconf 86' lang='lat' dir='ltr'><strong>imprcro</strong></span> <span class='ocrx_word' id='word_1_199' title='bbox 822 3688 868 3744; x_wconf 87' lang='lat' dir='ltr'><strong>tho</strong></span> <span class='ocrx_word' id='word_1_200' title='bbox 948 3689 1007 3746; x_wconf 85' lang='lat' dir='ltr'><strong>‘l&#39;he</strong></span> <span class='ocrx_word' id='word_1_201' title='bbox 1030 3691 1079 3758; x_wconf 71' lang='lat'><strong>4:11</strong></span> <span class='ocrx_word' id='word_1_202' title='bbox 1106 3689 1314 3762; x_wconf 79' lang='lat' dir='ltr'><strong>(Supplcmcnti)</strong></span> <span class='ocrx_word' id='word_1_203' title='bbox 1342 3691 1442 3763; x_wconf 76' lang='lat' dir='ltr'><strong>supply</strong></span> 
     </span>
     <span class='ocr_line' id='line_1_30' title="bbox 336 3765 1441 3838; baseline 0.005 -18"><span class='ocrx_word' id='word_1_204' title='bbox 336 3765 509 3838; x_wconf 75' lang='lat' dir='ltr'><strong>impressione</strong></span> <span class='ocrx_word' id='word_1_205' title='bbox 522 3767 646 3822; x_wconf 79' lang='lat' dir='ltr'><strong>claense.</strong></span> <span class='ocrx_word' id='word_1_206' title='bbox 907 3767 1078 3824; x_wconf 80' lang='lat' dir='ltr'><strong>inicrmnticn</strong></span> <span class='ocrx_word' id='word_1_207' title='bbox 1099 3767 1185 3824; x_wconf 71' lang='lat' dir='ltr'><strong>where</strong></span> <span class='ocrx_word' id='word_1_208' title='bbox 1208 3767 1255 3823; x_wconf 85' lang='lat' dir='ltr'><strong>the</strong></span> <span class='ocrx_word' id='word_1_209' title='bbox 1273 3783 1365 3823; x_wconf 69' lang='lat' dir='ltr'><strong>mres</strong></span> <span class='ocrx_word' id='word_1_210' title='bbox 1386 3769 1441 3825; x_wconf 76' lang='lat' dir='ltr'><strong>tut</strong></span> 
     </span>
     <span class='ocr_line' id='line_1_31' title="bbox 371 3845 1282 3924; baseline -0.005 -17"><span class='ocrx_word' id='word_1_211' title='bbox 371 3851 431 3908; x_wconf 79' lang='lat' dir='ltr'><strong>&#39;lire</strong></span> <span class='ocrx_word' id='word_1_212' title='bbox 451 3851 506 3908; x_wconf 78' lang='lat' dir='ltr'><strong>and</strong></span> <span class='ocrx_word' id='word_1_213' title='bbox 527 3851 670 3922; x_wconf 74' lang='lat' dir='ltr'><strong>(citantes)</strong></span> <span class='ocrx_word' id='word_1_214' title='bbox 690 3854 796 3924; x_wconf 74' lang='lat' dir='ltr'><strong>snlnrgo</strong></span> <span class='ocrx_word' id='word_1_215' title='bbox 817 3869 869 3908; x_wconf 90' lang='lat' dir='ltr'><strong>our</strong></span> <span class='ocrx_word' id='word_1_216' title='bbox 910 3845 1098 3903; x_wconf 80' lang='lat' dir='ltr'><strong>licimtances</strong></span> <span class='ocrx_word' id='word_1_217' title='bbox 1110 3846 1282 3918; x_wconf 71' lang='lat' dir='ltr'><strong>Magnetum.</strong></span> 
     </span>
     <span class='ocr_line' id='line_1_32' title="bbox 336 3923 1443 4004; baseline -0.006 -19"><span class='ocrx_word' id='word_1_218' title='bbox 336 3929 431 4003; x_wconf 81' lang='lat' dir='ltr'><strong>sphcre</strong></span> <span class='ocrx_word' id='word_1_219' title='bbox 469 3929 500 3987; x_wconf 88' lang='lat' dir='ltr'><strong>ol</strong></span> <span class='ocrx_word' id='word_1_220' title='bbox 532 3929 646 3986; x_wconf 76' lang='lat' dir='ltr'><strong>sendblc</strong></span> <span class='ocrx_word' id='word_1_221' title='bbox 680 3930 868 4004; x_wconf 79' lang='lat' dir='ltr'><strong>nppreciction.</strong></span> <span class='ocrx_word' id='word_1_222' title='bbox 942 3923 1001 3980; x_wconf 74' lang='lat' dir='ltr'><strong>&#39;l&#39;ns</strong></span> <span class='ocrx_word' id='word_1_223' title='bbox 1020 3925 1070 3997; x_wconf 82' lang='lat' dir='ltr'><strong>5tlr</strong></span> <span class='ocrx_word' id='word_1_224' title='bbox 1090 3923 1284 3994; x_wconf 77' lang='lat' dir='ltr'><strong>(Pernccnntes)</strong></span> <span class='ocrx_word' id='word_1_225' title='bbox 1305 3932 1443 3994; x_wconf 75' lang='lat' dir='ltr'><strong>penetrate</strong></span> 
     </span>
     <span class='ocr_line' id='line_1_33' title="bbox 338 4001 1441 4082; baseline -0.01 -14"><span class='ocrx_word' id='word_1_226' title='bbox 338 4009 413 4068; x_wconf 84' lang='lat' dir='ltr'><strong>Such</strong></span> <span class='ocrx_word' id='word_1_227' title='bbox 434 4007 523 4064; x_wconf 81' lang='lat' dir='ltr'><strong>would</strong></span> <span class='ocrx_word' id='word_1_228' title='bbox 540 4008 575 4064; x_wconf 85' lang='lat' dir='ltr'><strong>bc</strong></span> <span class='ocrx_word' id='word_1_229' title='bbox 595 4007 641 4063; x_wconf 89' lang='lat' dir='ltr'><strong>the</strong></span> <span class='ocrx_word' id='word_1_230' title='bbox 653 4010 806 4082; x_wconf 69' lang='lat' dir='ltr'><strong>Ait-pum,</strong></span> <span class='ocrx_word' id='word_1_231' title='bbox 823 4007 869 4064; x_wconf 85' lang='lat' dir='ltr'><strong>the</strong></span> <span class='ocrx_word' id='word_1_232' title='bbox 907 4003 965 4058; x_wconf 89' lang='lat' dir='ltr'><strong>into</strong></span> <span class='ocrx_word' id='word_1_233' title='bbox 976 4001 1441 4074; x_wconf 76' lang='lat' dir='ltr'><strong>thesubtlennturenfthingu,snd</strong></span> 
     </span>
     <span class='ocr_line' id='line_1_34' title="bbox 338 4079 1442 4156; baseline -0.009 -10"><span class='ocrx_word' id='word_1_234' title='bbox 338 4089 502 4156; x_wconf 83' lang='lat' dir='ltr'><strong>Barometor‚</strong></span> <span class='ocrx_word' id='word_1_235' title='bbox 521 4105 552 4144; x_wconf 84' lang='lat' dir='ltr'><strong>cr</strong></span> <span class='ocrx_word' id='word_1_236' title='bbox 579 4086 624 4144; x_wconf 86' lang='lat' dir='ltr'><strong>tho</strong></span> <span class='ocrx_word' id='word_1_237' title='bbox 645 4087 783 4144; x_wconf 80' lang='lat' dir='ltr'><strong>Electrlcsl</strong></span> <span class='ocrx_word' id='word_1_238' title='bbox 807 4087 867 4142; x_wconf 83' lang='lat' dir='ltr'><strong>Ma·</strong></span> <span class='ocrx_word' id='word_1_239' title='bbox 908 4081 992 4136; x_wconf 79' lang='lat' dir='ltr'><strong>excite</strong></span> <span class='ocrx_word' id='word_1_240' title='bbox 1004 4080 1049 4136; x_wconf 81' lang='lat' dir='ltr'><strong>the</strong></span> <span class='ocrx_word' id='word_1_241' title='bbox 1064 4081 1193 4136; x_wconf 68' lang='lat' dir='ltr'><strong>carnion</strong></span> <span class='ocrx_word' id='word_1_242' title='bbox 1205 4081 1236 4136; x_wconf 88' lang='lat' dir='ltr'><strong>ol</strong></span> <span class='ocrx_word' id='word_1_243' title='bbox 1243 4079 1290 4135; x_wconf 83' lang='lat' dir='ltr'><strong>the</strong></span> <span class='ocrx_word' id='word_1_244' title='bbox 1306 4097 1399 4136; x_wconf 72' lang='lat' dir='ltr'><strong>maes</strong></span> <span class='ocrx_word' id='word_1_245' title='bbox 1412 4089 1442 4136; x_wconf 87' lang='lat' dir='ltr'><strong>to</strong></span> 
     </span>
     <span class='ocr_line' id='line_1_35' title="bbox 339 4157 1443 4231; baseline -0.009 -7"><span class='ocrx_word' id='word_1_246' title='bbox 339 4169 426 4224; x_wconf 85' lang='lat' dir='ltr'><strong>chine.</strong></span> <span class='ocrx_word' id='word_1_247' title='bbox 908 4158 1183 4226; x_wconf 62' lang='lat' dir='ltr'><strong>subtlclscmlrich</strong></span> <span class='ocrx_word' id='word_1_248' title='bbox 1195 4157 1443 4231; x_wconf 78' lang='lat' dir='ltr'><strong>belomthsyrrere</strong></span> 
     </span>
     <span class='ocr_line' id='line_1_36' title="bbox 372 4240 1143 4318; baseline -0.01 -17"><span class='ocrx_word' id='word_1_249' title='bbox 372 4245 431 4302; x_wconf 79' lang='lat' dir='ltr'><strong>&#39;liro</strong></span> <span class='ocrx_word' id='word_1_250' title='bbox 447 4243 496 4318; x_wconf 68' lang='lat' dir='ltr'><strong>ard</strong></span> <span class='ocrx_word' id='word_1_251' title='bbox 508 4243 591 4316; x_wconf 78' lang='lat' dir='ltr'><strong>(Vite)</strong></span> <span class='ocrx_word' id='word_1_252' title='bbox 607 4243 679 4300; x_wconf 75' lang='lat' dir='ltr'><strong>chen</strong></span> <span class='ocrx_word' id='word_1_253' title='bbox 693 4244 740 4300; x_wconf 85' lang='lat' dir='ltr'><strong>the</strong></span> <span class='ocrx_word' id='word_1_254' title='bbox 757 4241 867 4317; x_wconf 75' lang='lat' dir='ltr'><strong>gradoni</strong></span> <span class='ocrx_word' id='word_1_255' title='bbox 908 4247 980 4293; x_wconf 76' lang='lat' dir='ltr'><strong>nont</strong></span> <span class='ocrx_word' id='word_1_256' title='bbox 991 4248 1020 4295; x_wconf 87' lang='lat' dir='ltr'><strong>to</strong></span> <span class='ocrx_word' id='word_1_257' title='bbox 1032 4240 1143 4310; x_wconf 80' lang='lat' dir='ltr'><strong>neglect.</strong></span> 
     </span>
    </p>
   </div>
   <div class='ocr_carea' id='block_1_9' title="bbox 0 0 1653 5140">
    <p class='ocr_par' dir='ltr' id='par_1_11' title="bbox 0 0 1653 5140">
     <span class='ocr_line' id='line_1_37' title="bbox 0 0 1653 5140; baseline 0 0"><span class='ocrx_word' id='word_1_258' title='bbox 0 0 1653 5140; x_wconf 95' lang='lat' dir='ltr'><strong> </strong></span> 
     </span>
    </p>
   </div>
  </div>
 </body>
</html>
