3078 5180
314 347 357 406 30
646 344 819 409 NOVUM
842 341 1089 408 ORGANUM.

316 510 521 602 corporibus
553 508 784 602 tangibilibus
811 507 1027 578 inclusorum
1060 505 1158 588 latet,
1189 517 1227 576 et
1258 505 1417 576 homines

317 626 420 719 fugit.
484 621 610 694 Omnis
639 623 748 694 etiam
779 620 942 692 subtilior
971 622 1357 693 meta-schematismos
1381 624 1415 690 in

317 741 476 834 partibus
503 761 619 810 rerum
650 740 855 808 crassiorum
885 742 1006 831 (quam
1034 737 1141 831 vulgo
1169 737 1415 807 alterationem

318 867 454 940 vocant,
473 879 555 926 cum
577 856 624 926 sit
646 878 768 925 revera
793 854 879 924 latio
905 875 968 946 per
990 850 1190 938 minimaffi)
1214 854 1305 924 latet
1327 853 1418 923 simi-

318 971 418 1042 liter:
449 983 487 1041 et
513 981 632 1040 tamen
659 971 724 1040 nisi
751 970 822 1040 duo
848 971 925 1049 ista,
943 992 1022 1060 quae
1047 970 1211 1053 diximus,
1235 970 1419 1062 explorata

317 1086 448 1157 fuerint
474 1095 512 1156 et
538 1087 573 1156 in
600 1085 716 1156 lucem
742 1085 1032 1178 producta‚nihil
1057 1086 1278 1180 magnifieri
1304 1095 1419 1179 potest

316 1205 352 1273 in
372 1213 498 1274 natura
515 1203 629 1295 quoad
649 1225 766 1294 opera.
819 1202 953 1273 Rursus
975 1203 1051 1294 ipsa
1070 1211 1197 1272 natura
1217 1203 1309 1272 aliris
1326 1226 1419 1272 com·

316 1321 435 1388 munis
470 1329 507 1390 et
541 1341 727 1410 corporum
767 1319 936 1400 omnium,
972 1341 1050 1410 quse
1086 1319 1203 1388 aerem
1242 1321 1419 1388 tenuitate

317 1445 494 1528 superant,
508 1435 601 1527 (quae
619 1435 771 1526 plurima
788 1433 884 1522 sunt)
903 1434 977 1503 fere
994 1434 1175 1527 incognita
1192 1430 1298 1502 estffi.
1336 1434 1419 1504 Sen-

317 1571 376 1618 sus
402 1551 495 1618 enim
524 1571 586 1640 per
612 1571 650 1618 se
676 1571 731 1618 res
759 1549 898 1619 infirma
925 1558 990 1631 est,
1017 1558 1055 1620 et
1082 1549 1268 1619 aberrans:
1306 1573 1418 1642 neque

318 1687 450 1758 organa
475 1665 519 1734 ad
545 1663 811 1757 amplificandos
833 1687 956 1735 sensns
978 1673 1042 1734 aut
1065 1666 1244 1735 acuendos
1265 1666 1419 1735 multum

319 1778 460 1862 valent3
490 1779 551 1850 sed
576 1780 691 1849 omnis
714 1780 826 1850 verior
849 1780 1097 1872 interpretatio
1119 1789 1257 1850 naturas
1280 1783 1420 1852 confici-

319 1903 378 1965 tur
403 1917 467 1987 per
488 1896 683 1977 instantias,
702 1903 740 1964 et
763 1896 1009 1988 experimenta
1031 1895 1160 1966 idonea
1181 1906 1220 1966 et
1240 1899 1418 1990 apposita;

318 2011 378 2080 ubi
405 2033 526 2082 sensus
552 2011 598 2082 de
624 2011 870 2103 experimento
894 2020 1046 2094 tantum,
1065 2013 1354 2105 experimentum
1376 2014 1419 2082 de

320 2136 499 2198 naturast
518 2149 555 2196 re
572 2127 646 2219 ipsa
656 2128 806 2218 judicat.

370 2363 581 2438 Intellectus
604 2368 780 2438 humanus
802 2251 916 2440 sedile
938 2367 981 2438 ad
1004 2368 1180 2439 abstracta
1199 2380 1347 2464 propter
1362 2395 1420 2442 na-

319 2491 435 2553 turam
462 2485 658 2576 propriam3
689 2494 798 2577 atque
823 2509 875 2570 ea,
893 2509 970 2577 quae
993 2483 1089 2554 fluxa
1112 2495 1205 2568 sunt,
1223 2485 1331 2580 fingit
1348 2512 1419 2560 esse

319 2601 527 2669 constantia.
580 2598 715 2672 Melius
740 2611 862 2672 autem
888 2611 943 2673 est
969 2609 1132 2670 naturam
1158 2623 1288 2685 secare,
1316 2627 1418 2696 quam

319 2714 541 2797 abstrahere;
567 2716 602 2785 id
621 2719 716 2808 quod
735 2717 932 2789 Democriti
958 2715 1077 2788 schola
1100 2717 1196 2798 fecit,
1215 2741 1293 2810 quae
1312 2723 1419 2816 magis

320 2831 519 2923 penetravit
538 2833 572 2901 in
591 2841 765 2916 naturam,
779 2857 885 2926 quam
904 2834 1050 2925 reliquae
1060 2829 1098 2903 ⁶⁷.
1136 2833 1293 2906 Materia
1305 2839 1419 2930 potius

321 2948 531 3019 considerari
558 2948 674 3033 dehet,
701 2958 739 3021 et
767 2951 841 3042 ejus
867 2950 1117 3033 schematismi,
1143 2959 1180 3020 et
1209 2953 1419 3023 meta-sche-

354 3186 574 3258 'lhisAphorism
587 3189 706 3243 contains
718 3187 763 3242 the
775 3205 850 3260 germ
890 3187 980 3242 would
1009 3187 1052 3251 be,
1075 3188 1088 3243 1
1116 3205 1240 3259 suppose,
1271 3188 1418 3260 leucippus

320 3268 351 3321 oi
366 3267 443 3322 those
462 3268 489 3321 in
511 3267 562 3322 Bk.
576 3266 615 3322 11.
631 3269 747 3338 (2—7.),
764 3266 850 3322 which
891 3268 975 3321 alone.
1014 3265 1105 3321 Bacon
1122 3267 1150 3320 in
1167 3267 1208 3321 his
1223 3267 1311 3337 liking
1323 3268 1365 3322 t'or
1377 3267 1419 3320 the

321 3344 439 3400 describe
452 3345 547 3400 Latent
562 3345 673 3400 Prooess
689 3345 742 3400 and
758 3345 850 3400 Struc-
892 3344 1079 3415 Philosophers
1098 3345 1187 3400 heiore
1200 3345 1276 3400 Plato
1290 3347 1419 3416 evidently

320 3431 387 3478 ture.
891 3433 1023 3478 orer-rates
1037 3423 1105 3478 their
1117 3425 1201 3478 value.
1241 3423 1285 3478 lle
1298 3434 1418 3479 seemsto

355 3501 382 3540 ⁶⁵
401 3507 421 3532 “
435 3501 510 3556 latio
539 3520 586 3573 per
614 3503 753 3557 minima.”
793 3501 851 3556 'ihc
891 3502 970 3556 think
999 3501 1057 3555 that
1088 3501 1257 3556 Democritus
1288 3501 1353 3556 with
1381 3502 1418 3556 his

320 3581 453 3649 langusge
480 3579 633 3634 alterum
658 3579 725 3635 used
752 3581 780 3634 in
806 3579 851 3634 the
892 3581 987 3634 Atoms
1013 3579 1091 3634 made
1117 3597 1190 3634 mors
1213 3597 1272 3651 way
1296 3581 1354 3636 into
1379 3579 1419 3634 the

322 3657 458 3712 Calculus.
892 3657 1048 3728 knowledge
1060 3659 1091 3712 oi
1099 3658 1203 3728 Things
1219 3659 1286 3713 than
1299 3659 1346 3714 the
1358 3659 1418 3729 dog·

357 3735 383 3775 ⁶⁶
403 3735 649 3807 Hereisslonging
661 3735 850 3790 alterModern
892 3736 971 3791 matie
985 3735 1173 3806 Philosophers
1187 3736 1247 3791 who
1264 3743 1284 3767 ⁰
1296 3738 1418 3792 abstract-

322 3813 483 3885 Chemistry,
495 3815 585 3869 whose
597 3814 682 3884 grand
694 3815 852 3870 discoveries
893 3815 949 3869 ed”
962 3814 1065 3868 instead
1077 3815 1107 3868 oi
1117 3821 1135 3845 “
1144 3814 1312 3886 dissecting”
1322 3826 1417 3870 nature.

324 3893 416 3948 Bacon
437 3892 524 3946 would
549 3891 616 3946 hare
640 3911 670 3946 so
691 3892 802 3963 rejoioed
824 3903 852 3948 to
895 3895 937 3948 He
950 3892 1067 3964 thought
1078 3893 1136 3947 that
1148 3893 1193 3947 the
1205 3893 1313 3949 Atomic
1326 3905 1418 3965 system

323 3977 425 4025 see—‘¹
437 3989 497 4042 quae
517 3973 604 4024 adrem
625 3973 752 4026 tenuitate
773 3989 852 4041 supe·
892 3971 1059 4044 approached
1075 3989 1148 4026 more
1163 3972 1254 4044 nearly
1266 3981 1295 4026 to
1309 3990 1325 4026 a
1339 3972 1419 4027 disca

322 4049 510 4105 rant”-such
524 4067 553 4102 as
566 4050 670 4104 various
688 4051 852 4120 gsses,elec·
892 4069 956 4122 very
979 4049 1010 4103 ol
1032 4059 1165 4105 stmcture
1190 4050 1244 4104 and
1270 4051 1374 4122 change
1395 4049 1421 4103 ol

322 4129 418 4200 tricity,
431 4127 508 4199 light,
521 4128 570 4181 dre.
894 4137 1034 4184 structure.
1057 4127 1128 4182 'lhat
1140 4129 1261 4182 however
1272 4129 1308 4183 he
1320 4127 1365 4182 did
1377 4137 1418 4182 not

357 4206 383 4248 ⁶⁷
405 4206 575 4260 Democritus
601 4205 633 4258 oi
652 4205 760 4260 Abdera
785 4205 852 4259 flou·
894 4208 1004 4278 entirely
1021 4223 1137 4277 approre
1154 4207 1185 4261 ol
1199 4207 1273 4261 them
1292 4209 1315 4262 is
1333 4205 1419 4261 visihle

321 4285 410 4342 rishsd
423 4291 451 4340 at
462 4285 507 4340 the
518 4285 583 4339 time
594 4284 625 4338 oi
634 4284 678 4338 the
689 4283 853 4354 Peloponne·
894 4285 962 4342 irom
974 4286 1042 4339 inira
1057 4285 1078 4339 l.
1088 4299 1131 4356 57.

323 4367 378 4420 siau
392 4367 458 4420 War
476 4363 521 4432 (B.
533 4361 564 4417 C.
579 4365 652 4432 431).
692 4363 743 4418 llis
762 4362 855 4418 school
