3078 5180
297 317 341 384 60
621 319 795 384 NOVUM
818 317 1067 384 ORGANUM.

297 484 392 556 orbis
410 484 618 576 provincias,
636 507 683 556 ne
706 507 770 578 per
792 483 956 554 auditum
983 505 1067 554 saue
1091 490 1155 553 aut
1180 483 1316 554 famam
1340 485 1405 556 ali-

297 621 404 692 quam
427 609 561 672 certam
584 609 623 672 et
645 609 879 680 constantem,
897 609 1061 672 nossent:
1087 602 1161 669 imo
1187 608 1225 669 et
1250 599 1404 692 plurima

297 714 442 786 climata
470 725 509 786 et
538 737 643 800 aonae,
667 717 705 786 in
731 716 859 809 quibus
889 715 1010 809 populi
1042 715 1172 786 infiniti
1203 717 1341 808 spirant
1365 727 1406 788 et

297 831 446 927 degunt,
459 841 629 925 tanquam
645 833 895 906 inhabitabiles
911 835 957 905 ab
975 832 1045 904 illis
1062 835 1295 927 pronuntiata
1312 837 1404 907 siut:

297 951 492 1042 quinetiam
518 951 819 1044 peregrinationes
846 949 1054 1030 Democriti,
1075 949 1246 1030 Platonis,
1272 949 1406 1044 Pytba·

296 1063 431 1160 gorae50,
450 1089 520 1135 non
540 1065 739 1160 longinqua
761 1067 933 1159 profecto,
951 1067 1013 1138 sed
1039 1068 1159 1158 potius
1181 1065 1404 1150 suburbanas,

297 1189 338 1250 ut
355 1203 524 1276 magnum
541 1181 675 1274 aliquid
693 1182 966 1253 celebrarentur.
1012 1181 1154 1252 Nostris
1170 1189 1297 1252 autem
1314 1191 1407 1254 teru-

296 1299 449 1391 poribus,
467 1308 505 1369 et
522 1300 604 1368 novi
621 1299 715 1370 orbis
731 1305 850 1391 partes
873 1297 1084 1391 complures,
1103 1308 1142 1369 et
1160 1301 1293 1370 veteris
1310 1299 1406 1370 orbis

297 1423 458 1484 extrema
483 1415 641 1507 undique
664 1416 912 1496 innotescunt;
938 1423 977 1486 et
1000 1416 1037 1484 in
1059 1414 1241 1484 inlinitum
1263 1417 1407 1508 experi-

297 1539 499 1600 mentorum
522 1529 686 1600 cumulus
711 1531 881 1601 excrevit.
934 1527 1054 1614 Quare
1078 1531 1107 1598 si
1134 1551 1180 1598 ex
1205 1531 1405 1602 nativitatis

295 1653 359 1714 aut
387 1645 558 1737 genitura
586 1655 746 1739 tempore
773 1645 1046 1741 (astrologorum
1073 1645 1188 1734 more)
1217 1645 1323 1739 signa
1349 1669 1405 1716 ca-

297 1761 426 1853 pienda
451 1763 531 1845 siut,
558 1761 607 1832 nil
636 1764 755 1857 magui
783 1763 829 1834 de
855 1764 932 1834 istis
956 1759 1189 1856 philosophiis
1213 1761 1402 1856 significari

298 1878 449 1950 videtur.

346 2118 447 2192 Inter
475 2121 583 2214 signa,
615 2119 753 2193 nullum
783 2125 897 2217 magis
925 2129 1062 2192 certum
1093 2129 1156 2191 aut
1185 2117 1308 2192 nobile
1336 2130 1399 2204 est,

295 2259 401 2329 quam
428 2236 523 2328 quod
549 2259 595 2306 ex
622 2235 806 2308 fructibus.
858 2237 1010 2308 Fructus
1035 2237 1131 2306 enim
1155 2245 1194 2306 et
1216 2258 1328 2328 opera
1350 2239 1402 2307 in-

296 2363 402 2422 venta
432 2374 495 2444 pro
523 2353 673 2423 veritate
699 2351 1000 2448 philosophiamm
1025 2351 1125 2422 velut
1149 2373 1339 2444 sponsores
1363 2361 1400 2424 et

294 2467 514 2559 fidejussores
539 2478 632 2538 suut.
683 2468 807 2562 Atque
834 2493 879 2542 ex
905 2467 1137 2562 philosophiis
1159 2469 1237 2539 istis
1261 2467 1401 2540 Graeoo-

294 2605 385 2668 rum,
405 2593 443 2654 et
459 2584 736 2658 derivationibus
753 2609 875 2658 earum
893 2607 955 2678 per
972 2584 1202 2678 particulares
1219 2585 1399 2668 scientias,

286 2699 364 2790 jam
388 2721 451 2792 per
473 2709 529 2769 tot
549 2723 723 2772 annorum
746 2705 870 2795 spatia,
888 2704 948 2772 vix
974 2724 1086 2772 unum
1109 2701 1398 2793 experimentum

291 2815 418 2886 adduci
442 2825 571 2909 potest,
588 2819 683 2908 quod
710 2819 754 2890 ad
780 2818 964 2891 bominum
991 2827 1125 2888 statum
1151 2815 1345 2888 levandum
1361 2827 1399 2888 et

285 2931 484 3024 juvandum
514 2943 661 3027 spectet,
692 2942 730 3006 et
764 2933 993 3028 pbilosophiae
1023 2931 1329 3026 speculationibus
1357 2957 1398 3005 ac

291 3050 515 3145 dogmatibus
536 3073 619 3124 vere
644 3060 831 3144 acceptum
858 3050 980 3123 referri
1007 3050 1127 3142 possit.
1181 3047 1300 3140 quue
1317 3049 1398 3122 Cel-

290 3164 379 3238 susil
405 3167 560 3261 ingenue
585 3189 626 3236 ac
652 3168 847 3259 prudenter
871 3167 1026 3248 fatetur;
1052 3165 1235 3250 nimirum,
1258 3167 1397 3258 experi-

290 3293 412 3354 menta
433 3285 619 3354 medicine
641 3285 754 3376 primo
781 3285 926 3354 inventa
943 3282 1060 3364 brisso,
1078 3303 1120 3352 ac
1138 3289 1265 3374 postea
1281 3281 1397 3352 homi-

290 3422 353 3471 nes
376 3403 469 3471 circa
490 3423 533 3472 ea
557 3398 821 3494 philosophatos
844 3423 930 3482 esse,
948 3409 986 3468 et
1010 3419 1131 3468 causas
1153 3397 1343 3492 indagaoee
1359 3409 1396 3470 et

325 3585 351 3626 ω
367 3585 425 3642 'lbe
455 3587 553 3642 trayels
586 3585 616 3640 ol
650 3585 820 3641 Democritus
861 3583 1020 3652 crtentlths
1039 3583 1214 3656 Hippocratis
1236 3583 1351 3638 metbod
1368 3583 1398 3638 ol

289 3663 402 3720 reached
411 3673 578 3736 ovsragreat
586 3664 759 3735 partolAsia,
767 3663 821 3718 and
860 3663 1005 3734 obserring
1028 3661 1080 3716 and
1103 3661 1238 3732 wstcbiug
1262 3678 1328 3718 orer
1351 3662 1395 3717 tbe

289 3761 364 3798 sorus
387 3753 455 3799 state
474 3744 533 3799 that
556 3742 590 3798 hc
613 3759 679 3797 even
706 3742 819 3797 reached
861 3743 1011 3816 operatione
1023 3741 1054 3798 ol
1063 3741 1175 3806 Nature,
1187 3741 1344 3812 regulating
1355 3759 1395 3796 ra·

290 3821 368 3878 India
377 3822 430 3877 and
440 3821 586 3893 AEtbiopia.
603 3821 693 3876 'lbosc
702 3821 733 3876 ol
743 3821 819 3877 Plato
859 3821 995 3878 tharthan
1008 3819 1236 3892 opposingtbem.
1273 3819 1334 3875 'l'bs
1348 3839 1393 3874 as·

289 3901 419 3958 extended
434 3903 497 3972 only
509 3909 538 3954 tc
550 3899 640 3970 Sicily,
654 3899 752 3972 Egypt,
765 3899 817 3955 and
859 3901 929 3956 cient
938 3909 1037 3971 system
1047 3898 1078 3952 ol
1088 3897 1286 3952 Medicincwas
1296 3915 1331 3952 an
1340 3899 1395 3968 epi-

291 3979 402 4052 Cyrene.
438 3979 529 4034 'lbosc
552 3979 583 4033 ol
604 3977 769 4050 Pythagoras
790 3989 818 4034 to
858 3989 931 4034 tome
943 3977 1028 4032 ottho
1038 3975 1394 4032 Scholasticcvilssrlricbin

290 4059 388 4130 Egypt,
401 4057 509 4120 Arabia,
526 4054 669 4121 Phoenicia,
686 4057 817 4130 Babylon,
859 4053 1250 4128 themiddleagcaafflictcdall
1260 4056 1393 4118 scissem

288 4137 341 4192 and
354 4137 472 4208 possibly
486 4133 571 4189 ludia.
859 4155 890 4192 ao
908 4134 965 4190 that
981 4153 1047 4190 eren
1061 4133 1147 4188 where
1163 4133 1330 4204 experiment
1341 4150 1393 4187 rm

323 4217 346 4256 ⁵¹
364 4215 461 4280 Celsus,
470 4212 517 4269 the
530 4211 680 4285 Physician,
690 4213 818 4287 probably
859 4231 1007 4284 necessary,
1015 4231 1077 4269 men
1089 4211 1236 4268 succcedcd
1248 4213 1277 4267 in
1286 4211 1392 4267 render·

287 4295 357 4350 lived
369 4302 396 4349 at
407 4295 453 4349 the
465 4291 613 4362 beginning
625 4291 655 4345 ol
668 4290 713 4346 the
726 4291 818 4347 Chris·
859 4295 906 4366 ing
917 4293 937 4348 it
949 4294 1046 4348 almost
1057 4291 1183 4347 fmitlcss.

288 4375 343 4428 ban
361 4390 413 4428 cra.
452 4371 496 4426 He
513 4368 634 4426 followed
651 4371 691 4436 (to
710 4387 725 4424 a
745 4380 819 4442 great
