3268 5146
289 335 353 400 186
619 335 792 401 NOVUM
816 333 1063 400 ORGANUM.

338 597 423 672 Jam
447 621 531 670 vero
560 497 919 693 proponendddtldslt'
948 596 1156 690 exemplum
1184 592 1395 668 nodationis

288 718 363 788 sive
379 714 574 808 rejectionis
591 725 798 788 naturarum
810 712 846 798 ¹⁹,
863 738 941 808 quae
965 737 1028 808 per
1044 709 1176 784 lobulm
1196 733 1395 807 comparen-

290 830 350 904 tie
367 833 592 924 reperiuntur
608 855 679 904 non
697 854 773 904 esse
792 854 839 904 ex
856 830 969 902 forma
989 828 1117 912 calidi;
1143 827 1232 900 illud
1249 829 1395 900 iuterim

290 948 481 1032 monendo,
499 970 572 1020 non
593 947 708 1020 solum
733 947 893 1018 sufficere
911 945 1066 1041 singulas
1084 941 1215 1018 tabidos
1231 945 1277 1016 ad
1294 942 1396 1036 rq'ec·

291 1064 416 1136 tionem
443 1063 592 1156 alicujus
621 1072 766 1146 natura,
797 1063 859 1134 sed
890 1064 1000 1134 etiam
1030 1083 1318 1154 unamquamque
1348 1083 1396 1134 cx

291 1181 469 1252 instantiis
494 1179 730 1275 singularibus
755 1181 793 1250 in
820 1178 890 1249 illis
917 1179 1106 1250 contentis.
1158 1176 1396 1249 Manifestum

291 1297 389 1370 enim
406 1303 461 1368 est
479 1317 524 1368 ex
543 1297 598 1378 iis,
616 1319 693 1388 ques
710 1295 807 1366 dicta
823 1303 916 1378 sunt,
934 1317 1080 1366 omnem
1097 1293 1299 1366 sommum
1316 1314 1397 1364 con·

292 1409 532 1484 ircdicloricm
550 1411 733 1484 destruere
750 1410 929 1504 opinabile
946 1412 993 1482 de
1010 1410 1134 1484 forma
1177 1409 1252 1482 Sed
1268 1407 1398 1480 nihilo-

292 1527 412 1598 miuus
453 1526 668 1618 quandoque
710 1527 971 1621 perspicuitatis
1004 1548 1119 1608 causa,
1154 1533 1193 1596 et
1233 1533 1274 1594 ut
1312 1545 1397 1596 usus

292 1639 486 1714 macrum
505 1641 633 1714 clarius
650 1642 925 1726 demonstretur,
938 1638 1147 1720 audericum
1165 1639 1397 1732 duplicamus,

292 1766 357 1829 aut
373 1759 578 1850 repetimus.

345 1981 565 2077 Exemplum
583 1979 776 2068 ecclesiam,
794 1984 868 2054 sive
884 1982 1079 2076 rp'cctiocis
1102 1991 1347 2055 acturamcma

722 2099 837 2171 forma
854 2098 970 2170 calidi.

321 2221 355 2286 1.
382 2213 453 2286 Per
468 2215 585 2288 radios
602 2214 695 2298 solis,
712 2214 815 2308 rejice
831 2222 995 2288 naturam
1013 2212 1270 2288 elementarem
1279 2211 1318 2286 ²⁰.

320 2336 354 2402 2.
381 2329 453 2400 Per
474 2331 596 2425 iguem
616 2353 855 2412 communem,
873 2340 911 2402 et
931 2331 1088 2404 maxime
1108 2352 1172 2422 per
1194 2331 1294 2424 ignes
1315 2327 1399 2400 sub·

384 2455 564 2518 terraneos
580 2447 656 2538 (qui
675 2446 900 2520 remotissimi
918 2455 1066 2529 suntet
1081 2445 1272 2538 plurimum
1289 2444 1400 2515 inter·

385 2561 579 2634 cluduntur
603 2584 625 2633 a
649 2562 756 2633 radiis
780 2562 997 2656 coelestibus)
1014 2559 1116 2654 rejice
1140 2571 1303 2632 naturam
1328 2583 1400 2632 coe-

383 2676 522 2748 lostam.

320 2796 354 2863 3.
380 2789 452 2863 Per
473 2790 745 2862 calefactionem
769 2793 1001 2886 omnigenum
1023 2813 1211 2886 corporum
1234 2791 1316 2884 (hoc
1333 2801 1398 2876 cst,

382 2905 618 2992 mineralium,
632 2906 897 3000 vegetabilium,
914 2909 1070 3001 partium
1087 2909 1307 2981 exteriorum
1323 2907 1401 2978 ani·

383 3021 542 3106 malium,
559 3045 671 3114 aqua.
688 3021 769 3104 olei,
787 3023 885 3104 airis,
904 3031 942 3094 et
962 3020 1194 3115 reliquorum)
1212 3045 1258 3094 ex
1275 3044 1402 3116 appro-

381 3140 577 3211 ximatione
595 3137 670 3211 sola
686 3137 731 3212 ad
749 3141 870 3234 ignem
887 3149 952 3211 aut
968 3139 1066 3213 alind
1084 3161 1212 3233 corpus
1228 3138 1400 3226 calidum;

382 3253 485 3350 rejice
497 3276 642 3328 omnem
655 3257 876 3339 varietatem,
891 3257 965 3326 sive
982 3255 1205 3328 subtiliorem
1219 3262 1401 3328 texturam

383 3393 579 3464 corporum.

321 3489 356 3554 4.
384 3484 455 3556 Per
471 3487 605 3558 ferrum
629 3495 667 3558 et
688 3484 837 3558 metalla
859 3487 980 3580 ignita,
999 3509 1077 3578 quta
1094 3485 1309 3560 calefaciunt
1330 3485 1402 3560 alis

384 3622 540 3692 corpora,
559 3623 626 3674 nco
643 3612 765 3674 tamen
782 3604 927 3674 omnino
947 3603 1105 3696 pondere
1122 3609 1187 3672 ant
1203 3600 1402 3672 substantia

383 3716 617 3797 minuuntnr;
644 3715 746 3808 reice
769 3717 980 3791 inditionem
1004 3718 1078 3788 sive
1101 3716 1297 3788 mixturam
1320 3715 1403 3788 sub-

384 3830 523 3902 stantiae
540 3829 686 3904 alterins
703 3832 820 3904 calidi.

322 3949 357 4016 5.
384 3943 455 4018 Per
478 3967 608 4037 aquam
634 3948 848 4034 ferventem,
871 3957 980 4042 atque
1004 3949 1133 4030 aerem,
1156 3956 1266 4042 atque
1292 3948 1404 4020 etiam

333 4181 357 4224 ¹⁹
369 4181 502 4256 carrying
520 4191 569 4237 out
587 4183 633 4239 the
653 4185 780 4256 principle
800 4187 832 4241 oi
869 4185 956 4240 under
979 4203 1031 4242 one
1051 4186 1082 4242 oi
1101 4185 1147 4241 the
1171 4186 1233 4242 four
1255 4185 1404 4242 manua.

295 4261 431 4334 operation
442 4259 627 4318 hiddownin
643 4262 681 4316 ll.
697 4261 737 4318 16.
871 4265 897 4319 lt
920 4265 944 4321 is
966 4265 1072 4337 usuady
1096 4263 1242 4320 translated
1266 4265 1404 4322 “Terres-

331 4339 357 4380 ²⁰
369 4339 443 4396 Such
460 4359 478 4396 a
495 4349 589 4395 nature
606 4358 636 4395 as
648 4341 736 4396 would
754 4359 830 4397 come
870 4343 960 4398 trial.''
