3268 5146
322 309 388 372 204
609 329 616 336 ·
650 305 824 371 NOVUM
853 304 1102 372 OBGANUM.

324 471 493 564 quisitam
515 471 649 544 nudam
672 482 712 544 et
734 473 1004 556 substantivam,
1020 481 1129 566 atque
1150 471 1257 543 etiam
1274 471 1311 540 in
1329 467 1431 541 exal·

324 589 461 660 tatione
482 611 555 671 sua,
572 596 636 660 aut
657 609 797 661 summo
822 589 935 684 gradu
959 589 1128 684 potentiae
1153 609 1246 672 suae;
1272 585 1433 658 emanci-

324 713 444 799 patam
461 705 608 789 scilicet,
621 714 660 778 et
672 705 856 778 liberatam
875 707 921 778 ab
937 706 1213 799 impedimentis,
1228 703 1285 776 vel
1297 701 1430 775 saltem

324 843 388 913 per
413 821 660 894 fortitudinem
686 845 758 894 suae
775 823 917 894 virtutis
940 823 1186 894 dominantem
1211 843 1316 914 super
1339 820 1429 912 ipen,

324 957 439 1028 eaque
455 939 733 1030 supprimentem
752 947 791 1010 et
808 947 1044 1010 coercentem.
1096 935 1189 1007 Cnm
1206 937 1304 1010 enim
1320 956 1430 1006 omne

324 1074 450 1145 corpus
467 1056 635 1148 suscipiat
652 1053 784 1125 multas
805 1063 1012 1126 naturarum
1030 1054 1160 1126 formas
1177 1051 1371 1147 copulatas,
1389 1058 1430 1122 et

324 1167 361 1237 in
379 1176 565 1254 concret0;
591 1169 633 1239 fit
655 1177 697 1239 ut
719 1168 790 1239 alia
811 1170 917 1240 aliam
935 1168 1113 1251 retundat,
1131 1167 1316 1260 deprimat,
1333 1165 1430 1236 fran-

323 1290 396 1378 gat,
413 1293 453 1355 et
468 1284 576 1380 liget;
603 1286 699 1358 unde
720 1285 953 1356 obscurantur
969 1284 1090 1355 formae
1112 1282 1271 1376 singule.
1322 1279 1430 1352 Inve-

324 1399 472 1470 niuntur
504 1410 627 1473 autem
660 1401 821 1495 subjecta
852 1399 1035 1482 nonnulla,
1069 1400 1106 1470 in
1139 1399 1268 1492 quibus
1300 1406 1430 1468 natura

323 1517 494 1609 inquisita
515 1540 585 1611 prae
602 1517 681 1589 aliis
703 1527 757 1590 est
780 1520 816 1588 in
835 1540 899 1589 suo
917 1518 1047 1612 vigore,
1066 1515 1123 1587 vel
1140 1538 1204 1609 per
1226 1514 1428 1588 absentiam

323 1631 582 1724 impedimenti,
599 1634 657 1706 vel
672 1657 736 1727 per
752 1634 1079 1728 praedominantiam
1097 1633 1248 1704 virtutis.
1290 1629 1429 1723 Hujus-

324 1747 421 1818 modi
447 1757 568 1820 antem
596 1749 773 1822 instantias
799 1759 883 1822 sunt
910 1749 1066 1822 maxime
1090 1747 1269 1822 camuicoe
1289 1747 1427 1818 iormae.

324 1861 461 1934 Verum
479 1873 516 1936 et
532 1865 570 1936 in
587 1866 642 1936 his
658 1868 743 1960 ipsis
759 1867 937 1938 instantiis
953 1865 1157 1942 adhibenda
1172 1871 1227 1935 est
1243 1864 1374 1944 cantio,
1387 1870 1428 1934 et

324 1979 545 2054 cohibendus
561 1983 716 2076 impetus
732 1981 947 2054 intellectus.
999 1981 1179 2076 Quicquid
1192 1981 1290 2052 eninr
1307 1987 1430 2050 osten·

323 2102 379 2166 tat
396 2097 558 2182 formam,
575 2121 725 2193 eamque
742 2097 865 2182 trudit,
883 2107 925 2170 nt
941 2099 1102 2171 videatur
1119 2119 1302 2172 occurrere
1318 2094 1428 2168 intei-

324 2209 447 2298 lectui,
463 2237 528 2307 pro
550 2224 715 2309 suspecto
738 2216 944 2289 habendum
964 2223 1031 2300 est,
1048 2223 1087 2287 et
1110 2214 1363 2287 recurrendum
1380 2211 1428 2283 ad

322 2327 530 2402 &decinam
548 2354 706 2404 severam
723 2343 762 2404 et
779 2333 1000 2427 diligentem.

375 2444 543 2541 Exempli
566 2449 701 2541 gratia3
725 2450 773 2521 sit
797 2457 925 2521 natura
949 2448 1127 2542 inquisita
1146 2445 1311 2520 calidum.
1361 2442 1429 2516 Ia-

324 2562 454 2634 santia
478 2561 646 2636 otteramno
670 2573 790 2637 motus
815 2567 1039 2659 expansionis
1066 2562 1171 2658 (qna,
1197 2570 1240 2634 ut
1265 2561 1428 2655 superins

323 2679 460 2750 dictum
477 2688 544 2764 est,
557 2682 672 2773 portio
689 2691 744 2754 est
761 2684 937 2777 praecipna
953 2684 1073 2754 forme
1090 2681 1211 2775 calidi)
1224 2688 1281 2752 est
1294 2680 1428 2751 vitrum

322 2795 508 2868 calendare
525 2797 624 2869 airis
679 2797 825 2870 Etenim
843 2799 996 2883 flamma,
1014 2799 1101 2870 licet
1116 2796 1308 2869 manifesto
1324 2795 1428 2868 exhi·

322 2913 407 2984 beat
432 2915 706 3006 expansionem
731 2923 852 2986 tamen
878 2923 1024 3010 propter
1049 2921 1337 2986 momentaneam
1362 2933 1428 2983 ex-

322 3031 533 3104 tinctionem
550 3055 620 3102 non
638 3033 798 3105 ostendit
813 3053 1036 3126 progressum
1054 3029 1289 3125 expansionis
1318 3027 1427 3122 Aqua

321 3152 443 3217 antem
469 3147 619 3230 fervens,
644 3155 790 3241 propter
815 3146 956 3220 facilem
983 3147 1230 3219 transitionem
1259 3168 1360 3239 aque
1388 3145 1428 3215 in

323 3283 488 3354 vaporem
507 3273 546 3334 et
561 3265 690 3349 adrem,
704 3287 775 3335 non
794 3273 867 3335 tam
886 3263 977 3338 bene
993 3264 1153 3336 ostendit
1169 3261 1427 3354 expansionem

321 3400 422 3470 aquae
439 3381 475 3450 in
493 3403 640 3472 corpore
656 3403 732 3452 suo.
784 3379 919 3454 Rursus
936 3383 1067 3455 ferrum
1092 3381 1257 3475 ignitum,
1276 3386 1315 3450 et
1330 3377 1428 3450 simi·

321 3493 379 3580 lia,
398 3503 539 3567 tantum
564 3497 666 3570 abest
691 3507 734 3568 nt
761 3520 984 3592 progressum
1011 3496 1215 3578 ostendant,
1236 3503 1281 3566 ut
1303 3503 1429 3566 contra

321 3632 385 3703 per
407 3613 624 3684 retusionem
648 3623 686 3684 et
709 3613 919 3686 fractionem
942 3615 1085 3710 spiritns
1108 3637 1174 3707 per
1188 3621 1310 3706 partes
1330 3633 1429 3684 conr-

321 3733 442 3818 pactns
459 3735 498 3798 et
514 3751 654 3814 crassas,
666 3729 759 3823 (qnae
776 3730 924 3802 domant
941 3741 979 3802 et
992 3731 1142 3802 fraenant
1157 3724 1426 3823 expansionem)

321 3843 398 3938 ipsa
422 3847 591 3938 expansio
618 3869 690 3920 non
718 3847 763 3919 sit
789 3849 935 3920 omnino
953 3847 1143 3942 conspicua
1165 3847 1209 3919 nd
1232 3867 1379 3917 sensnm
1388 3841 1428 3915 ⁵².

319 4027 383 4084 tiam
407 4044 436 4082 aa
465 4043 481 4080 a
505 4031 523 4057 ‘¹
536 4025 648 4100 Glaring
672 4029 797 4085 Instance
824 4029 855 4085 oi
892 4027 1014 4086 desinont
1033 4029 1063 4085 oi
1083 4029 1199 4102 kccping
1218 4044 1258 4098 up
1280 4045 1297 4084 a
1317 4023 1429 4082 marked

322 4103 467 4177 Polarity.”
892 4107 1046 4164 distinction
1056 4107 1175 4164 between
1186 4107 1347 4176 expansior,
1356 4111 1375 4137 ‘¹
1382 4121 1430 4177 psr

355 4183 436 4240 ”Oi
452 4183 635 4254 snpr.11.18.
655 4185 722 4240 Inat.
738 4201 779 4250 ro,
797 4185 852 4242 and
892 4189 1033 4258 particular
1057 4181 1202 4254 minores,''
1222 4185 1281 4242 and
1303 4191 1427 4242 “ascun-

319 4263 348 4319 in
359 4262 405 4320 the
418 4261 576 4318 Differentia
590 4271 643 4318 ιω·
653 4264 685 4320 oi
700 4265 794 4322 Matris
810 4266 852 4322 iot
892 4264 960 4322 dum
971 4265 1088 4322 totnm.”

321 4343 431 4400 Heatin
445 4341 485 4397 11.
499 4358 542 4398 20.
581 4341 671 4400 Bacon
690 4361 852 4417 atemsrcry
