3268 5146
629 329 718 395 LIB.
737 330 785 395 ΙΙ.
805 350 854 416 23,
870 352 919 412 24.
1255 333 1319 396 208

215 493 373 588 aqualia,
390 517 456 588 per
471 503 654 569 texturam
678 496 885 590 simplicem,
903 497 987 569 dare
1005 497 1146 584 album3
1172 519 1319 589 eorpora

215 610 402 705 inaequalia
424 613 618 685 seeundum
642 622 823 685 texturam
847 614 1081 707 compositam
1101 613 1163 684 sed
1180 615 1319 686 ordina-

216 737 302 813 tam,
331 726 415 800 dare
445 729 599 825 reliquos
633 729 778 813 eolores,
813 740 940 823 praeter
972 731 1136 824 nigrum;
1173 752 1320 824 corpora

216 865 300 916 vero
326 845 511 938 inaequalia
535 868 599 939 per
623 853 805 918 texturam
828 847 1071 940 compositam,
1088 845 1149 918 sed
1173 847 1318 918 omnino

217 960 452 1032 inordinatam
484 970 522 1033 et
552 963 746 1048 confusam,
778 964 861 1035 dare
896 964 1048 1058 nigrum.
1111 963 1238 1056 ltaque
1273 962 1318 1035 de

218 1074 385 1148 instentia
401 1077 571 1175 migrante
586 1077 632 1148 ad
649 1078 918 1173 generationem
940 1080 978 1148 in
1000 1085 1129 1150 natura
1150 1079 1320 1172 inquisita

217 1190 399 1276 albedinis,
428 1195 647 1286 propositum
682 1202 737 1265 est
763 1196 840 1289 jam
875 1193 1092 1288 exemplum.
1144 1192 1320 1265 Instantiu

218 1315 340 1379 autem
356 1308 512 1406 migrans
528 1309 572 1380 ad
591 1311 852 1402 corruptionem
869 1311 906 1380 in
925 1309 1049 1382 eadem
1073 1318 1201 1382 natura
1224 1310 1321 1382 albe-

219 1423 320 1506 dinis,
334 1433 389 1496 est
405 1448 530 1518 spuma
547 1424 727 1510 dissoluta,
740 1435 802 1498 aut
816 1429 879 1496 nix
893 1426 1083 1498 dissoluta:
1108 1427 1210 1498 exuit
1223 1427 1319 1498 enim

219 1540 430 1625 albedinem,
457 1549 496 1613 et
521 1541 637 1612 induit
668 1542 882 1636 diaphanum
909 1565 1009 1635 aqua,
1037 1553 1118 1636 post
1147 1565 1255 1637 quam
1279 1542 1322 1613 fit

220 1657 392 1752 integrale
409 1658 485 1730 sine
502 1659 593 1730 aire.

269 1773 399 1867 Neque
426 1797 510 1846 vero
536 1774 626 1845 illud
653 1773 728 1845 ullo
754 1775 861 1846 modo
887 1774 1229 1868 pretermittendum
1255 1785 1321 1860 eet,

221 1890 315 1983 quod
343 1891 411 1962 sub
436 1890 613 1962 instantiis
641 1888 868 1988 migrantibus
892 1891 1144 1985 comprehendi
1168 1889 1323 1962 debeant

221 2029 292 2078 non
305 2015 446 2078 tantum
460 2007 529 2078 illae
542 2030 620 2101 quae
636 2008 792 2102 migrant
809 2006 853 2077 ad
871 2007 1136 2100 generationem
1153 2016 1192 2079 et
1210 2008 1323 2100 priva-

221 2123 377 2207 tionem;
403 2125 597 2195 sedetiam
623 2121 695 2193 illae
719 2145 800 2215 quae
816 2122 969 2220 migrent
986 2121 1030 2192 ad
1054 2123 1323 2215 majorationem

221 2247 259 2310 et
276 2240 568 2323 minorationem
596 2262 678 2309 eum
695 2237 765 2309 illae
782 2239 891 2310 etiam
909 2239 1062 2310 tendant
1077 2240 1121 2311 ed
1140 2240 1323 2311 invenien-

222 2357 304 2428 dam
322 2358 482 2440 lonnam,
500 2364 541 2426 ut
565 2379 628 2450 per
649 2355 895 2426 definitionem
920 2354 1045 2426 fomrae
1068 2356 1230 2448 superius
1252 2355 1324 2428 fae·

223 2481 307 2555 tam,
338 2479 376 2542 et
404 2469 554 2543 temdum
579 2469 763 2568 graduum,
793 2471 981 2543 manifesto
1016 2471 1140 2564 liquet.
1193 2471 1320 2565 ltaque

223 2611 383 2683 papyrus,
397 2613 475 2683 quae
492 2590 585 2662 sicea
601 2611 711 2682 quum
729 2590 848 2672 fuerit,
865 2587 947 2660 alba
963 2597 1039 2675 est;
1064 2599 1102 2660 at
1124 2589 1322 2661 madefaota

229 2704 390 2798 (excluso
407 2707 497 2787 a'e‘re,
511 2715 550 2777 et
566 2713 708 2799 recepta
724 2703 832 2798 aqua)
846 2707 964 2776 minus
981 2705 1063 2776 alba
1075 2711 1140 2788 est,
1155 2713 1193 2777 et
1210 2708 1323 2800 magis

225 2823 339 2917 vergit
355 2822 400 2894 ad
418 2821 654 2916 diaphanum3
680 2821 832 2894 similem
853 2822 963 2893 hahet
979 2823 1154 2894 rationem
1172 2844 1255 2893 cum
1272 2823 1326 2893 in-

225 2939 364 3010 stantiis
379 2939 601 3032 supradietis.

701 3051 849 3125 XXIV.

277 3170 378 3243 Inter
393 3174 640 3267 praerogativas
657 3172 915 3252 instantiarum,
932 3171 1040 3241 tertio
1058 3169 1137 3241 loeo
1154 3192 1326 3262 ponemus

227 3288 411 3360 instantias
431 3290 627 3373 mundana
645 3288 690 3360 de
715 3288 844 3382 quibus
868 3288 906 3357 in
923 3285 1189 3358 vindemiatione
1210 3286 1327 3382 primu

227 3402 269 3475 de
286 3403 397 3477 eolido
414 3405 633 3477 mentionem
651 3405 821 3487 fecimus3
848 3425 934 3495 quas
954 3403 1063 3474 etiam
1081 3400 1327 3486 elueeseentiue,

226 3521 301 3592 sive
334 3520 519 3592 instantius
552 3517 726 3602 literato-s,
757 3526 790 3590 et
816 3517 1120 3614 proedominontea
1151 3517 1328 3612 appellere

227 3637 473 3708 consuevimus
482 3634 523 3706 ⁵¹ss
575 3635 637 3706 Eae
659 3644 752 3720 sunt,
772 3658 850 3729 quae
872 3634 1067 3706 ostendunt
1090 3643 1254 3706 naturam
1274 3635 1328 3705 in-

263 3893 287 3933 ⁵¹
302 3893 427 3968 Cisnpr.
441 3895 480 3952 11.
492 3911 534 3952 20.
552 3895 640 3951 These
652 3899 671 3926 ‘¹
681 3893 758 3951 Glar·
798 3895 847 3967 ing
871 3911 953 3959 emes,
972 3893 1059 3950 which
1083 3904 1154 3950 most
1177 3893 1250 3950 osten
1271 3894 1330 3950 lead

227 3973 275 4044 ing
292 3973 450 4030 lustances”
463 3973 536 4030 show
548 3973 711 4030 theNature
728 3991 759 4028 or
800 3983 829 4028 to
857 3973 979 4028 valuable
1006 3973 1172 4028 discoveries.
1216 3973 1276 4030 One
1300 3992 1331 4030 or

229 4051 339 4125 Quality
360 4053 461 4126 sought
480 4053 522 4108 for
542 4053 571 4108 in
594 4053 628 4108 ita
651 4051 760 4124 highest
800 4059 853 4107 two
868 4051 899 4107 oi
912 4051 986 4107 these
1004 4053 1031 4107 in
1050 4052 1142 4107 skillul
1159 4051 1246 4108 hands
1263 4052 1331 4108 have

228 4147 317 4203 power
340 4149 371 4187 or
394 4131 497 4203 degree,
516 4132 570 4186 and
593 4131 667 4186 freed
690 4132 760 4186 from
800 4131 873 4186 often
896 4130 940 4185 led
964 4140 992 4185 to
1013 4129 1101 4186 Truth
1124 4130 1200 4185 when
1224 4149 1260 4186 no
1284 4149 1331 4202 ep·

227 4208 352 4282 ordinary
382 4211 572 4266 obstructione.
609 4209 659 4265 See
689 4209 759 4264 Her·
800 4209 925 4280 plication
944 4209 975 4264 oi
992 4208 1038 4264 the
1060 4209 1196 4264 Baeonian
1217 4208 1332 4264 Method

228 4287 326 4344 schel’s
371 4289 526 4354 Discourse,
575 4291 590 4359 §
620 4305 759 4362 191,19a.
800 4288 850 4344 has
879 4287 947 4343 been
976 4286 1093 4358 thought
1122 4288 1159 4341 ol.
1201 4287 1333 4343 Herschel

228 4365 316 4423 'lhese
337 4367 389 4424 will
410 4370 507 4442 always
528 4367 561 4423 be
581 4367 659 4424 those
679 4367 760 4423 strik-
802 4367 968 4436 (Dismaros,
982 4367 997 4435 §
1011 4365 1075 4436 365)
1088 4364 1206 4422 adduces
1219 4366 1332 4438 Magne·
