3078 5180
825 353 896 420 xviii

327 523 374 580 est
389 537 506 593 eorum,
522 539 591 602 quse
612 516 785 582 intellectus
805 516 862 580 sibi
882 515 1049 602 permissus
1068 513 1231 602 oongessit‚
1246 513 1324 598 quin
1343 511 1427 576 nobis

326 648 384 712 pro
411 638 551 714 suspecto
575 629 624 702 sit,
651 649 706 692 neo
732 627 795 691 ullo
820 627 911 692 modo
936 633 1049 701 retum,
1074 625 1132 690 nisi
1156 646 1236 690 noro
1255 623 1373 709 judicio
1397 645 1428 687 se

327 737 452 813 stiterit,
468 747 500 804 et
524 740 692 806 seeundum
717 737 793 804 illud
819 737 1055 824 pronunciatum
1079 735 1182 801 fuerit.
1229 734 1313 812 Quin
1336 733 1427 798 etism

326 869 432 912 sensus
456 849 550 935 ipsius
575 847 806 914 informationes
831 846 935 914 multis
960 847 1059 914 modis
1083 845 1263 912 excutimus.
1315 845 1428 910 Sensus

326 958 407 1022 enim
422 958 533 1024 faliunt
549 959 674 1045 utique;
697 960 754 1026 sed
768 970 801 1026 et
815 981 938 1024 errores
957 981 1028 1024 suos
1042 959 1197 1038 indiosnt;
1220 979 1330 1021 verum
1345 979 1428 1020 erro-

326 1089 377 1132 res
391 1079 516 1155 presto,
532 1070 645 1134 indicis
659 1091 766 1134 eorum
781 1069 873 1156 longe
887 1069 986 1156 petits
1000 1076 1081 1134 sunt.

369 1179 495 1265 Duplex
514 1191 619 1246 eutem
634 1191 682 1246 est
698 1181 813 1246 Sensus
832 1181 941 1267 orrlpu;
964 1188 1019 1246 eut
1038 1179 1119 1244 enim
1135 1177 1274 1244 destituit
1295 1199 1362 1251 nos,
1377 1189 1428 1240 eut

327 1289 450 1376 decipit.
504 1290 590 1356 Nom
615 1291 725 1377 primo,
752 1292 893 1378 plurimae
918 1301 992 1358 sunt
1016 1314 1067 1356 res
1091 1311 1162 1375 qum
1187 1310 1313 1356 sensum
1337 1288 1428 1353 etism

325 1411 410 1468 reete
426 1403 617 1489 dispositum,
633 1427 689 1468 neo
705 1405 766 1470 ullo
779 1405 872 1470 modo
887 1405 1077 1491 impeditum,
1089 1403 1261 1491 effugiunt;
1282 1415 1342 1468 sut
1360 1403 1430 1468 sub

326 1513 438 1580 tilitste
454 1515 549 1580 totius
564 1515 710 1601 eorporis,
726 1527 781 1581 eut
802 1516 938 1602 portium
959 1515 1105 1589 minutiis,
1121 1525 1176 1580 eut
1195 1513 1253 1578 looi
1273 1513 1429 1583 distantis.

327 1635 381 1690 eut
405 1625 555 1692 tarditate
580 1635 674 1712 etque
700 1625 794 1692 etiem
818 1626 979 1692 velocitate
1004 1636 1115 1700 motus,
1141 1635 1197 1690 sut
1221 1623 1429 1688 familiaritate

327 1733 450 1820 objecti,
470 1744 525 1800 sut
548 1734 624 1800 olins
647 1737 687 1800 ob
711 1759 828 1804 censos.
873 1739 984 1824 Neque
1007 1760 1124 1812 rursus,
1147 1736 1200 1801 ubi
1224 1737 1342 1802 Sensus
1364 1758 1429 1800 rem

329 1854 423 1920 tenet,
441 1845 650 1930 protensiones
671 1847 736 1933 ejus
757 1847 923 1913 admodum
945 1847 1043 1913 firme
1064 1856 1145 1912 sunt.
1190 1846 1274 1910 Nem
1294 1845 1430 1911 testimo

328 1952 413 2018 nium
429 1965 461 2020 et
475 1955 652 2021 informatio
668 1959 782 2022 Sensus
800 1981 923 2045 semper
937 1968 985 2024 est
999 1979 1038 2022 ex
1053 1957 1197 2044 enslogie
1215 1955 1360 2032 hominis,
1371 1977 1430 2020 non

329 2087 368 2130 ex
392 2065 535 2154 snelogis
558 2065 711 2132 universi:
733 2077 828 2155 utque
851 2089 964 2156 magno
990 2089 1117 2154 prorsus
1140 2089 1248 2132 errore
1271 2067 1430 2142 asseritur,

330 2177 459 2242 Sensum
475 2197 542 2240 esse
556 2198 731 2242 morsuram
746 2201 860 2244 rerum.

372 2287 483 2373 ltaque
505 2295 541 2352 ut
563 2288 611 2352 his
633 2301 832 2366 occurretur-3
856 2311 912 2356 nos
926 2290 1023 2354 multo
1038 2297 1071 2354 et
1084 2288 1146 2354 fido
1160 2289 1332 2354 ministerio
1345 2289 1431 2356 suxi·

328 2398 370 2464 lie
394 2399 509 2466 Sensim
531 2400 666 2485 undique
687 2401 922 2490 conquisivimus
944 2411 976 2466 et
998 2399 1224 2477 oontrsximus;
1247 2409 1283 2464 ut
1302 2400 1432 2466 destitu-

328 2509 462 2576 tionibus
484 2510 725 2588 substitutiones,
741 2513 961 2579 variationibus
979 2511 1214 2580 reotifioetion'es
1232 2512 1432 2598 suppediten.

329 2629 391 2684 tur.
437 2621 548 2706 Neque
567 2621 600 2686 id
619 2623 761 2689 molimur
780 2634 845 2690 tom
867 2623 1079 2690 instrumentis
1093 2645 1185 2708 qutun
1201 2623 1430 2709 experimentis

330 2731 453 2796 Etenim
468 2731 750 2818 experimentorum
765 2734 857 2823 longe
877 2735 976 2822 major
995 2743 1045 2798 est
1062 2731 1224 2808 subtilitas,
1240 2754 1334 2819 qunm
1356 2734 1432 2800 Sen-

329 2865 381 2908 sus
399 2841 503 2930 ipsius‚
519 2842 590 2909 lieet
608 2843 821 2910 instrumentis
835 2845 995 2932 exquisitis
1015 2845 1133 2932 adjuti3
1157 2843 1211 2928 (de
1225 2843 1264 2908 iis
1276 2844 1432 2930 loquimur

329 2951 557 3040 experimentis,
572 2977 642 3040 quoe
662 2954 704 3020 sd
723 2953 924 3019 intentionem
939 2953 1005 3037 ejus
1020 2952 1103 3038 quod
1117 2950 1269 3036 queritur
1283 2951 1386 3037 perite
1401 2963 1433 3016 et

329 3065 495 3130 seeundum
511 3075 610 3130 arten
625 3064 803 3152 excogitate
820 3075 852 3129 et
871 3065 1014 3151 opposito
1033 3065 1127 3145 sunt).
1172 3062 1284 3148 Iteque
1303 3085 1433 3150 peroep

329 3176 405 3241 tioni
419 3199 526 3242 sensus
540 3177 726 3242 immedietas
741 3197 777 3238 eo
792 3175 928 3261 propris
945 3195 1007 3238 non
1027 3173 1156 3239 multum
1171 3171 1355 3249 tribuimus;
1378 3174 1433 3240 sod

330 3309 455 3354 eorem
477 3287 665 3362 deducimus,
684 3297 719 3350 ut
741 3306 847 3349 sensus
868 3293 989 3349 tentum
1012 3284 1052 3348 de
1074 3283 1296 3370 experimento,
1312 3285 1435 3372 experi-

331 3411 468 3466 mentum
483 3401 522 3464 de
542 3419 577 3464 re
593 3398 721 3484 judicet.
769 3396 876 3474 Quare
895 3395 1104 3462 existimomus
1125 3415 1181 3460 nos
1202 3416 1310 3460 sensus
1324 3398 1358 3478 (e
1372 3419 1435 3482 quo

331 3511 433 3576 omnia
455 3510 487 3573 in
510 3508 701 3574 neumatibus
724 3505 859 3591 petendo
881 3515 963 3580 sunt,
986 3505 1043 3570 nisi
1065 3506 1147 3571 forte
1169 3505 1263 3572 iibsst
1285 3506 1434 3592 insanire)

332 3621 495 3687 Antistitss
514 3619 683 3707 religiosos,
704 3625 737 3681 et
760 3616 952 3680 oreoulorum
976 3616 1043 3702 ejus
1066 3639 1127 3684 non
1152 3616 1312 3704 imperitos
1332 3617 1435 3684 Inter-

331 3741 436 3818 pretes
457 3753 513 3794 nos
534 3727 733 3816 praestitisse;
757 3735 792 3791 ut
813 3726 865 3791 elii
886 3727 1075 3814 professione
1095 3727 1239 3815 qundsrn.
1255 3750 1312 3794 nos
1331 3729 1436 3816 reipss

334 3843 465 3908 Sensum
480 3840 562 3906 tueri
582 3862 619 3904 eo
637 3838 739 3904 oolere
754 3838 923 3904 ridoemur.
970 3841 1073 3926 Atque
1095 3841 1269 3926 hujusmodi
1291 3851 1366 3910 sunt
1387 3865 1435 3918 es,

332 3973 403 4040 quse
423 3950 464 4015 ed
484 3949 586 4016 lumen
601 3949 701 4036 ipsum
716 3950 847 4014 Neturae
862 3950 989 4038 ejusque
1003 3953 1212 4019 assensionem
1228 3963 1261 4019 et
1275 3954 1437 4022 immissio-

333 4083 404 4127 nem
419 4081 582 4146 pnrsmus:
606 4079 676 4144 qum
698 4081 755 4146 per
777 4083 810 4124 se
832 4061 971 4126 suffioero
992 4075 1126 4147 possent,
1141 4064 1167 4130 si
1187 4064 1362 4132 intellectus
1379 4067 1441 4134 hu.

333 4197 443 4244 monus
457 4195 564 4258 osquus
578 4183 610 4238 et
624 4173 722 4238 instur
737 4174 850 4238 tebulae
868 4175 988 4240 abrasos
1009 4186 1097 4242 esset.
1144 4175 1208 4242 Sed
1227 4197 1296 4240 oum
1316 4187 1439 4243 mentes

333 4283 492 4350 hominum
517 4281 601 4346 miris
626 4283 724 4347 modis
747 4284 825 4349 odeo
849 4285 980 4350 obsessis
1004 4285 1074 4360 sint,
1098 4299 1133 4352 ut
1154 4287 1195 4352 ad
1217 4309 1307 4352 veros
1331 4311 1439 4352 rerum
