3156 5176
613 327 704 394 1213.
720 327 763 394 11.
778 330 831 411 48.
1208 331 1273 402 297

170 486 235 558 illo
267 487 376 575 anim,
406 489 516 561 modo
548 491 705 562 evitetur
738 513 865 584 corpus
896 490 1092 574 inimicum,
1126 512 1273 585 corpora

170 604 280 674 etiam
309 625 382 676 non
410 605 604 677 admodum
633 616 785 702 cognata
813 615 1049 680 concurrunt:
1074 613 1115 679 at
1139 609 1177 678 in
1204 609 1273 680 hoc

171 726 304 791 coeunt
318 719 534 804 substantiae,
550 743 718 816 germana
742 722 848 816 plane
873 721 1106 794 similitudine
1132 722 1274 794 devinc-

170 843 236 919 tse3
262 842 302 908 et
317 835 517 907 conflantur
532 845 702 930 tanquam
720 839 758 909 in
775 859 899 908 uuum.
937 835 1061 929 Atque
1077 839 1137 909 hio
1153 846 1273 910 motus

170 951 336 1023 omnibus
352 953 557 1045 corporibus
572 955 778 1047 compositis
801 955 917 1039 inest3
943 961 981 1024 et
1007 975 1045 1026 se
1061 953 1165 1026 facile
1189 975 1274 1025 con·

170 1067 392 1161 spiciendum
409 1069 445 1138 in
463 1068 611 1163 singuiis
623 1070 735 1154 daret,
747 1071 815 1142 nisi
832 1069 1004 1164 ligaretur
1016 1077 1054 1140 et
1067 1069 1273 1140 frenaretur

171 1205 235 1276 per
250 1181 338 1256 aiios
353 1207 540 1278 corporum
556 1187 737 1280 appetitus
753 1194 792 1258 et
814 1187 1055 1269 necessitates,
1072 1207 1150 1276 quae
1166 1185 1272 1258 istam

171 1299 363 1372 coitionem
381 1299 591 1373 disturbant.

223 1413 374 1510 Ligatnr
394 1424 517 1488 autem
539 1425 660 1489 motus
684 1417 752 1489 iste
778 1416 988 1511 plerumque
1006 1417 1120 1488 tribus
1136 1396 1271 1489 modis:

171 1537 313 1621 torpore
328 1553 536 1624 corporum3
558 1532 667 1604 froeno
684 1533 839 1627 corporis
855 1533 1090 1616 dominantis;
1115 1539 1153 1603 et
1169 1540 1271 1604 motu

172 1653 333 1718 externo.
382 1644 443 1720 Ad
471 1655 651 1740 torporem
680 1670 868 1742 corporum
898 1647 992 1741 quod
1021 1650 1172 1732 attinet3
1198 1671 1273 1720 cer-

170 1770 250 1832 tum
267 1771 335 1848 ast,
352 1762 467 1836 inesse
487 1763 691 1858 corporibus
714 1763 946 1860 tangibilibus
967 1764 1146 1858 pigritiam
1162 1787 1273 1857 quen·

171 1877 253 1949 darn
270 1881 465 1953 seeundum
482 1881 597 1977 magis
613 1890 652 1953 et
670 1883 798 1966 minus,
816 1888 854 1952 et
871 1880 1137 1953 exhorrentiam
1153 1891 1273 1954 motus

173 1992 314 2081 localia;
340 2005 380 2067 ut
398 1997 464 2068 nisi
478 1998 690 2076 excitentur,
703 1995 831 2068 malint
846 2003 943 2068 statu
960 2017 1024 2066 suo
1036 1995 1156 2089 (prout
1173 1996 1273 2090 sunt)

172 2131 249 2182 essa
265 2119 443 2196 contenta,
461 2133 569 2207 quarn
586 2113 625 2184 in
642 2111 771 2184 meiius
788 2133 826 2184 se
843 2113 1022 2206 expedire.
1072 2111 1274 2184 Discutitur

171 2234 294 2299 antem
310 2225 379 2298 iste
395 2236 517 2321 torpor
533 2227 664 2321 triplici
689 2227 842 2299 auxilio:
868 2236 932 2299 aut
947 2249 1012 2320 per
1028 2225 1193 2309 calorem,
1210 2234 1274 2299 aut

172 2361 237 2434 per
252 2343 424 2413 virtutem
448 2341 597 2437 alicujus
622 2344 764 2437 cognati
790 2345 945 2436 corporis
965 2343 1193 2427 eminentem,
1210 2349 1275 2413 aut
1411 2393 1414 2402 .

172 2479 237 2550 per
258 2465 397 2529 motum
414 2457 573 2528 vividum
589 2466 628 2528 et
644 2465 841 2552 potantem.
884 2455 1009 2550 Atque
1026 2457 1141 2551 primo
1157 2457 1275 2551 quoad

172 2573 346 2644 auxilium
363 2572 507 2646 caloris:
533 2573 617 2646 hinc
634 2577 685 2658 fit,
702 2575 800 2667 quod
817 2573 913 2646 calor
929 2575 1181 2667 pronuntietur
1197 2595 1274 2644 esse

171 2687 259 2760 iliud
294 2690 390 2782 quod
423 2699 558 2785 separet
589 2687 816 2789 tcioeopcrm
849 2698 1026 2788 conprepet
1056 2686 1273 2787 tomcpensc.

171 2803 289 2890 Quam
306 2804 550 2878 definitionem
568 2803 886 2900 Peripateticorum
907 2807 1036 2878 merito
1054 2805 1178 2876 derisit
1194 2803 1273 2876 Gil-

171 2921 314 3005 bertns;
341 2923 471 3006 dicens,
489 2945 570 2994 eam
586 2945 663 2994 esse
685 2923 834 3015 perinde
856 2945 898 2994 ac
923 2923 953 2992 si
976 2921 1055 3013 quis
1081 2920 1214 2992 diceret
1230 2943 1273 2992 ac

171 3035 336 3108 definiret
362 3036 544 3109 hominem
570 3037 661 3108 illud
687 3059 773 3120 esse,
798 3036 893 3130 quod
919 3045 1014 3107 serat
1040 3035 1210 3118 triticum,
1234 3043 1294 3120 ct,

170 3149 310 3244 plantet
338 3151 477 3224 vineas:
514 3175 590 3225 esse
623 3153 720 3224 enirn
755 3151 999 3224 definitionem
1032 3157 1176 3221 tantum
1208 3173 1274 3242 per

171 3265 329 3350 effectus,
357 3291 489 3362 eosque
514 3267 753 3363 particulares.
805 3265 878 3338 Sed
910 3265 1027 3338 adhuc
1056 3266 1169 3360 magis
1198 3265 1274 3337 cnl-

170 3384 287 3480 panda
302 3392 359 3456 est
373 3383 436 3456 iila
452 3384 633 3469 definitio;
660 3384 869 3477 quinetiam
890 3381 1037 3453 effectus
1060 3379 1113 3451 iili
1133 3378 1274 3473 (quales

171 3499 293 3593 quales
317 3501 415 3590 sunt)
433 3525 505 3572 non
530 3510 614 3573 suut
638 3523 685 3574 ex
710 3500 925 3594 proprietate
951 3495 1086 3579 caloris,
1104 3496 1167 3567 sed
1192 3503 1273 3568 tan-

170 3625 251 3688 tum
277 3637 342 3708 per
366 3617 542 3701 occidam,
561 3617 673 3710 (idem
700 3616 797 3688 enirn
823 3614 911 3686 facit
938 3613 1058 3707 frigus,
1082 3620 1125 3682 ut
1151 3619 1276 3704 postea

171 3730 345 3820 dicemus)
363 3753 493 3826 nempe
518 3755 565 3804 ex
590 3731 764 3804 desiderio
791 3730 947 3824 partium
972 3727 1275 3822 homogenearum

171 3849 335 3932 octoadi,
368 3849 560 3942 adjuvante
593 3855 736 3918 tanturn
771 3844 889 3918 calore
927 3845 973 3917 ad
1011 3843 1275 3916 discutiendum

171 3971 361 4057 torporem,
378 3965 440 4057 qui
459 3973 582 4058 torpor
604 3962 818 4035 desiderium
843 3960 935 4032 illud
960 3969 1068 4032 antea
1092 3958 1275 4054 ligaverat.

170 4074 299 4160 Quoad
317 4101 401 4151 vero
417 4078 592 4150 auxilium
602 4079 742 4150 virtutis
759 4078 881 4150 inditae
897 4099 921 4148 a
937 4099 1084 4170 corpore
1101 4082 1275 4168 cognatm

171 4191 262 4264 illud
285 4193 494 4266 mirabiliter
517 4194 687 4268 elucescit
711 4196 749 4266 in
773 4201 943 4289 magnate
966 4199 1117 4278 armato,
1134 4190 1196 4283 qui
1213 4210 1277 4259 ex-

171 4309 261 4382 citat
285 4309 439 4384 inferro
464 4312 633 4384 virtutem
657 4310 840 4386 detinendi
862 4309 996 4381 ferrum
1020 4329 1085 4401 per
1109 4302 1275 4376 similitu·
