3156 5176
331 347 399 412 tle
664 340 839 409 NOVUM
860 341 1110 411 onosma

331 509 495 605 qualibus
521 517 672 582 utuntur
691 507 862 584 Germani
891 507 1188 604 septentrionales
1216 529 1285 604 pro
1311 531 1444 603 grana·

331 629 403 700 riis.
454 627 534 700 Neo
560 649 633 698 non
657 627 826 721 repositio
850 649 1038 720 corporum
1063 627 1102 697 in
1128 625 1244 698 fundo
1268 647 1446 719 uquamm

332 743 378 816 ad
403 743 472 816 hoo
495 751 656 838 speetat:
684 751 728 814 nt
755 743 904 816 memini
931 765 992 815 me
1014 744 1199 836 quippiam
1226 742 1371 814 endu
1398 743 1445 812 de

331 860 471 932 utribus
486 860 560 931 vini
578 859 740 932 demissis
763 859 801 930 in
824 858 1043 952 profundum
1060 866 1224 952 putenm,
1241 859 1289 930 ad
1306 857 1446 952 infrigi-

332 975 513 1049 dationem
537 974 694 1060 soilioet3
719 975 784 1046 sed
808 995 891 1046 oasu
916 983 956 1046 et
980 997 1045 1068 per
1067 973 1277 1069 negleotnm
1293 997 1338 1046 ae
1354 973 1446 1046 obli·

333 1093 475 1164 vionem
491 1091 626 1164 ibidem
647 1091 916 1163 remanentibus
937 1113 1003 1184 per
1024 1091 1158 1163 multos
1182 1113 1307 1175 anuos,
1322 1099 1365 1161 et
1379 1091 1444 1161 de·

332 1210 418 1284 indo
434 1209 624 1292 extractis;
650 1207 747 1280 unde
764 1207 888 1278 vinum
905 1206 1043 1278 lautum
1060 1217 1117 1280 eat
1137 1230 1212 1280 non
1232 1207 1351 1280 solum
1369 1231 1443 1281 nou

332 1327 510 1420 vapidum,
535 1334 600 1397 ant
622 1333 838 1408 emortuum,
862 1325 926 1398 sed
955 1323 1071 1396 multo
1100 1327 1214 1420 magia
1243 1325 1371 1398 nobile
1395 1326 1442 1397 ad

331 1451 498 1538 gustum
523 1463 588 1536 por
606 1443 899 1513 commixtionem
923 1443 1080 1534 partium
1105 1463 1251 1514 anm-um
1269 1443 1328 1536 (ut
1344 1443 1444 1514 vide-

329 1563 408 1654 tur)
424 1558 537 1652 magis
559 1558 786 1650 exquisitam.
837 1556 945 1642 Quod
970 1557 1000 1629 ai
1025 1555 1185 1651 postulet
1209 1579 1278 1642 ras,
1293 1565 1341 1629 ut
1367 1581 1444 1630 oor·

329 1695 420 1768 pora
447 1671 685 1744 demittantur
716 1674 762 1744 ad
794 1673 946 1744 fundmn
980 1695 1165 1767 aquarum,
1195 1671 1312 1744 voluti
1348 1676 1444 1746 intra

331 1789 459 1860 duvios
484 1797 548 1860 ant
571 1811 680 1872 mare,
696 1811 816 1882 neque
838 1798 963 1860 tamen
988 1811 1099 1881 aquas
1123 1797 1288 1884 tangant,
1310 1811 1380 1860 neo
1403 1792 1443 1862 in

332 1905 473 1978 vasibus
489 1903 662 1982 obturatis
678 1904 948 1990 oonolndautur,
961 1906 1024 1977 sed
1041 1907 1121 1978 adro
1138 1914 1284 1978 tanturn
1302 1907 1442 1978 oiroun-

332 2023 484 2107 dentur;
508 2021 622 2093 bonus
639 2029 694 2092 est
711 2043 797 2092 usus
813 2022 907 2092 vasis
923 2021 1029 2106 illius,
1047 2021 1144 2114 quod
1161 2022 1370 2094 adhibitum
1386 2033 1443 2096 est

331 2161 589 2232 nonnunquam
606 2137 651 2209 ad
669 2137 890 2232 operandum
906 2137 1031 2209 subter
1052 2137 1154 2230 aquis
1175 2159 1284 2232 anper
1300 2139 1444 2234 navigb

332 2253 502 2336 demorsa,
536 2262 582 2324 ut
614 2254 813 2324 urinatores
851 2253 986 2325 diutine
1024 2275 1170 2324 manere
1202 2254 1344 2346 pomint
1376 2254 1443 2325 sub

332 2371 443 2462 aquis,
460 2377 499 2441 et
518 2369 694 2464 pervices
718 2369 764 2439 ad
790 2377 933 2462 tempus
957 2369 1139 2463 respirare.
1191 2367 1291 2440 Illud
1317 2369 1443 2465 hujus-

331 2487 429 2558 modi
459 2494 546 2558 erat.
597 2484 863 2560 Conlioiebatur
892 2484 1030 2556 dolium
1060 2507 1108 2558 ox
1135 2484 1288 2558 metallo
1315 2509 1443 2559 oona·

332 2623 427 2686 vum,
460 2601 555 2694 quod
589 2600 849 2673 demittebatur
881 2599 1102 2693 aequabiliter
1133 2602 1179 2672 ad
1214 2603 1441 2696 superficiem

332 2739 444 2809 aquae,
462 2727 569 2809 atque
595 2715 645 2788 sio
670 2716 881 2812 deportabat
898 2723 1019 2787 totum
1042 2718 1174 2805 adrem,
1190 2718 1254 2811 qui
1279 2723 1442 2792 eontine-

332 2833 438 2905 batur
454 2834 491 2903 in
508 2832 615 2916 dolio,
633 2855 755 2904 seeum
772 2833 809 2904 in
825 2831 977 2903 fundum
996 2833 1115 2904 maris.
1167 2832 1299 2906 Stabat
1316 2847 1440 2909 autem

331 2973 439 3046 super
453 2952 564 3046 pedes
580 2961 665 3038 tres,
683 2950 810 3042 (instar
825 2947 988 3042 tripodis)
1007 2950 1069 3042 qui
1086 2949 1323 3045 longitudinis
1339 2963 1440 3026 mant

332 3068 514 3162 aliquanto
529 3068 675 3140 minoris
690 3076 826 3140 statura
842 3065 1018 3154 bominis;
1043 3066 1096 3139 ita
1117 3076 1160 3138 nt
1183 3069 1348 3142 urinator
1364 3093 1440 3164 poa-

333 3195 398 3270 set,
416 3207 499 3257 oum
515 3183 695 3256 anhelitus
711 3183 891 3264 deiiceret,
909 3182 1106 3256 immittere
1122 3192 1233 3278 oapnt
1254 3185 1293 3256 in
1310 3209 1438 3258 aarum

333 3301 432 3390 dolii,
449 3309 488 3374 ot
508 3301 746 3395 respirasset
771 3299 901 3372 deinde
927 3321 1016 3393 opus
1040 3300 1260 3372 continuare.
1311 3301 1438 3396 Atque

333 3421 541 3502 audivimus,
559 3419 742 3489 inventam
758 3439 836 3489 osae
853 3415 931 3508 jam
947 3417 1150 3488 maohiuam
1166 3417 1325 3511 aliquam
1342 3421 1439 3490 navi·

333 3535 423 3606 oulae
438 3543 503 3606 aut
517 3534 670 3630 soaphae,
680 3557 758 3628 qnae
774 3533 939 3604 homines
954 3533 1077 3604 subter
1092 3533 1194 3627 aquis
1210 3534 1438 3629 veherepos·
1551 3527 1552 3540 ’

332 3653 381 3722 sit
405 3652 451 3722 ad
475 3651 589 3745 spatia
611 3649 785 3722 nonnulla
794 3645 832 3719 ¹¹.
884 3647 1024 3721 Varum
1050 3650 1117 3721 snb
1140 3649 1206 3722 tali
1221 3671 1317 3736 rese,
1335 3651 1438 3745 quale

333 3769 441 3839 modo
457 3767 623 3852 diximus,
640 3789 787 3862 oorpora
803 3767 935 3857 quevis
956 3765 1060 3839 laoile
1084 3767 1254 3862 suspendi
1279 3768 1436 3862 pomiut;

333 3883 435 3976 oujus
451 3905 557 3954 oauea
572 3883 641 3954 boo
657 3883 944 3977 experimentum
961 3881 1188 3955 adduximus.

383 3995 454 4070 Est
470 4007 508 4070 et
524 3997 615 4070 aliua
631 4021 716 4070 usus
736 3997 918 4092 diligentis
935 4007 973 4069 et
990 3999 1158 4092 perfeetae
1174 3998 1348 4072 obusurae
1363 4022 1438 4073 eor-

371 4175 499 4232 ¹¹'1'beae
519 4175 700 4233 under-water
720 4175 798 4232 boatu
817 4192 865 4246 ap·
905 4175 1088 4248 goingundsr
1096 4175 1440 4252 nter,andbrookingol
1551 4181 1552 4196 ³

333 4273 396 4328 pear
419 4256 497 4328 again
524 4257 553 4310 iu
577 4255 624 4312 tha
647 4255 715 4310 Now
738 4253 864 4309 Atlantis.
906 4256 994 4310 aeas.”

333 4335 417 4391 “We
440 4333 508 4392 hara
537 4333 612 4406 ships
641 4333 695 4390 and
725 4332 801 4388 boam
825 4331 866 4386 lor
