3268 5146
338 289 405 356 246
664 291 838 356 NOVUM
861 291 1109 356 ORGANUM.

340 456 438 528 ficies
461 465 525 526 aut
549 455 685 526 extima
707 457 914 528 incantatio
935 465 1041 528 terrae
1058 455 1200 527 nautis
1224 457 1442 550 magnetica,

340 582 383 643 ut
399 570 460 642 iile
478 570 565 654 vuit,
578 593 706 666 expers
722 577 791 665 est)
810 595 872 666 per
889 595 1027 645 moram
1043 581 1166 644 tamon
1183 570 1328 666 longam
1345 594 1444 666 mag·

341 689 434 760 netis
452 697 587 759 tactum
610 687 803 781 suppleret,
821 697 860 762 ot
876 689 1009 760 sermm
1032 689 1178 772 exciret,
1196 689 1326 760 deinde
1349 691 1445 760 exci-

341 812 421 876 tum
449 803 686 878 conformaret
715 813 753 876 et
783 813 949 876 verteret.
1008 803 1154 887 Rursus
1185 805 1281 897 quod
1312 805 1444 876 ferrum

341 923 495 1015 ignitum
512 929 552 992 et
571 922 784 1008 caudenaci
808 923 845 992 in
868 921 1090 993 extinctione
1115 943 1179 992 sua
1200 921 1447 1014 exporrigatur

342 1037 436 1107 inter
455 1037 714 1128 septentriones
737 1046 775 1107 et
795 1045 966 1120 austrum,
983 1035 1131 1130 colligat
1147 1059 1290 1129 quoquo
1307 1037 1448 1107 vertici-

342 1161 466 1234 tetem,
493 1152 627 1245 absque
656 1159 757 1224 tactu
790 1153 985 1247 magnetis:
1025 1175 1067 1224 ac
1095 1153 1123 1224 si
1150 1161 1270 1246 portes
1299 1152 1383 1224 ferri
1409 1155 1447 1224 in

342 1279 445 1339 motu
469 1269 596 1361 positae
622 1291 685 1360 per
709 1267 932 1362 ignitionem,
953 1275 991 1338 et
1013 1277 1136 1361 postea
1161 1289 1200 1337 se
1225 1269 1447 1359 recipientes,

343 1384 474 1476 inipso
496 1382 646 1454 articulo
672 1383 903 1454 extinctionis
928 1405 1003 1454 snae
1026 1384 1139 1477 magis
1164 1392 1284 1454 essent
1308 1405 1450 1477 suscep-

344 1500 440 1581 tivae,
458 1507 497 1570 et
512 1499 612 1592 quasi
630 1500 808 1570 sensitiva
824 1500 968 1570 virtutis
985 1499 1165 1570 manantis
1180 1521 1202 1569 a
1218 1508 1324 1582 terra,
1341 1523 1450 1592 quam

343 1615 442 1700 aiios,
471 1624 510 1686 et
539 1615 623 1686 inde
650 1616 778 1688 fierent
809 1623 978 1707 tanquam
1009 1615 1150 1688 excitae.
1204 1614 1348 1688 Verum
1364 1617 1450 1698 haec,

345 1732 431 1804 licet
448 1733 539 1804 bene
556 1732 750 1817 observata,
768 1741 890 1803 temon
913 1755 985 1804 non
1006 1732 1176 1804 evincunt
1193 1755 1336 1826 prorsus
1353 1733 1451 1826 quod

346 1848 407 1920 iile
424 1850 559 1920 asserit.

395 1961 572 2036 [miamin
588 1963 703 2036 eccs
727 1972 848 2036 autem
874 1966 968 2036 circa
996 1963 1065 2036 hoc
1091 1965 1293 2058 subjectum
1319 1965 1452 2058 poterit

346 2101 422 2151 esse
443 2079 535 2150 talis.
587 2077 758 2172 Capiatur
783 2078 925 2152 terrella
950 2103 997 2151 ex
1023 2089 1201 2175 magnete,
1219 2089 1257 2152 et
1282 2089 1454 2152 notentur

346 2193 418 2288 poli
436 2195 532 2287 ejus;
557 2202 596 2264 et
619 2203 796 2286 ponantur
820 2195 892 2287 poli
916 2195 1067 2268 terrelioe
1084 2217 1205 2268 versus
1222 2196 1398 2266 orientem
1415 2204 1453 2265 et

346 2333 520 2394 occasum,
545 2332 616 2380 non
642 2332 763 2382 versus
793 2313 1051 2403 septentriones
1080 2320 1119 2384 et
1148 2319 1319 2395 austrum,
1344 2319 1455 2402 atque

347 2427 399 2496 ita
408 2426 572 2517 jaceant:
598 2425 729 2498 deinde
745 2436 1003 2520 superponatur
1020 2449 1104 2498 acus
1121 2426 1235 2498 ferres
1251 2429 1397 2508 intacta
1416 2433 1454 2497 et

347 2541 576 2633 permittatur
593 2542 644 2612 ita
660 2563 804 2613 manere
820 2542 867 2611 ad
886 2542 963 2614 dies
986 2565 1052 2614 sex
1067 2550 1132 2613 aut
1154 2551 1303 2636 septem.
1355 2539 1455 2612 Acus

349 2678 433 2727 voro
458 2657 556 2746 (nam
586 2657 633 2728 do
662 2655 730 2727 hoc
757 2680 828 2727 non
858 2657 1059 2746 dubitetur)
1087 2658 1173 2730 dum
1200 2666 1323 2730 manet
1350 2680 1456 2750 snper

350 2784 562 2866 magnetem.
594 2773 727 2845 relictis
760 2774 851 2867 polis
884 2775 1019 2857 mundi,
1053 2797 1091 2846 se
1125 2781 1242 2845 vertet
1274 2775 1320 2845 ed
1355 2773 1456 2866 polos

350 2890 537 2983 magnetis.
589 2889 717 2984 Itaque
736 2892 905 2983 quamdiu
924 2893 977 2963 ita
994 2899 1125 2974 manet,
1142 2892 1294 2964 vertitur
1318 2889 1456 2962 seilicet

349 3007 394 3078 ad
413 3006 587 3078 orientem
604 3015 644 3078 et
660 3008 884 3080 occidentem
901 3008 1038 3079 mundi.
1082 3005 1188 3092 Quod
1207 3008 1236 3077 si
1254 3008 1458 3076 inveniatur

349 3147 435 3195 acus
459 3121 521 3194 iiia
545 3133 683 3194 remota
705 3147 727 3195 a
748 3133 923 3218 magnete,
942 3134 981 3196 et
997 3125 1113 3217 posita
1129 3145 1235 3216 super
1254 3121 1455 3204 ver-soriam,

350 3241 472 3312 statim
501 3262 540 3310 se
570 3239 747 3333 applicare
777 3241 823 3312 ad
854 3240 1113 3333 septentriones
1139 3247 1178 3310 st
1204 3246 1377 3318 austrum,
1399 3237 1456 3310 vei

351 3357 459 3428 etiam
479 3354 652 3450 paulatim
675 3378 713 3426 se
738 3379 781 3428 eo
802 3357 979 3448 recipere;
1006 3364 1085 3425 tum
1101 3353 1305 3447 recipienda
1320 3363 1377 3426 est
1394 3377 1459 3448 pro

352 3493 467 3554 causa,
485 3470 673 3564 praesentia
689 3479 810 3542 terrae:
837 3470 891 3540 sin
908 3479 1031 3542 autem
1048 3479 1208 3542 vertatur
1221 3473 1279 3563 (ut
1294 3472 1407 3564 prius)
1420 3471 1458 3540 in

352 3589 527 3659 orientem
555 3595 593 3656 et
620 3587 854 3668 occidentem,
880 3595 944 3657 aut
971 3587 1097 3680 perdat
1123 3587 1374 3670 verticitatem‚
1397 3585 1459 3657 ha·

352 3701 470 3774 bonde
487 3710 542 3772 est
565 3702 626 3773 ilia
649 3725 754 3774 cause
774 3726 838 3798 pro
863 3711 1038 3796 suspecta,
1055 3710 1093 3773 et
1110 3701 1261 3775 ulterius
1280 3705 1460 3796 inquiren·

354 3820 440 3890 dum
458 3826 523 3887 est.

405 3933 473 4024 (5.)
488 3931 671 4015 Similiter,
686 3934 731 4005 sit
749 3942 875 4006 natura
892 3935 1070 4029 inquisita,
1081 3956 1249 4028 corporea
1260 3933 1460 4006 substantia

354 4052 448 4124 lnnae
459 4045 505 4132 ¹⁶3
531 4071 576 4119 an
602 4052 650 4120 sit
672 4052 802 4136 tenuis,
819 4049 996 4137 flammea,
1020 4053 1094 4122 sive
1117 4053 1229 4134 aerea,
1251 4059 1293 4121 ut
1316 4051 1460 4144 plurimi

392 4238 418 4280 ¹⁵
433 4237 492 4294 The
515 4244 648 4292 muare
670 4236 702 4292 ci
723 4236 884 4293 theticon.
927 4234 985 4291 thet
1002 4235 1023 4290 it
1040 4233 1288 4300 ia“tsnuis,”and
1307 4242 1358 4292 net
1375 4233 1462 4291 solide

357 4319 449 4374 sacen
465 4331 551 4372 seems
566 4323 595 4370 to
607 4315 703 4371 incline
719 4326 749 4371 to
764 4317 810 4371 the
822 4316 888 4372 risu
928 4315 1043 4387 perhaps
1063 4315 1091 4370 iu
1115 4315 1285 4386 antegeniem
1306 4323 1336 4370 to
1357 4315 1463 4370 Gilbert
