3268 5146
686 353 906 436 mu.11.17.
1291 355 1355 418 reu

251 516 463 589 minutiones
479 525 580 590 actm
597 520 781 612 purique
799 525 962 589 naturam
979 516 1135 609 aliquam
1152 516 1352 610 simplicem

251 633 417 703 ordinant
434 640 472 704 et
489 634 732 718 constituunt;
755 641 798 703 ut
814 633 979 715 calorem,
997 631 1131 714 lumen,
1149 631 1295 724 pondus,
1313 635 1351 704 iu

251 748 455 818 omnimoda
483 750 632 820 materia
661 757 699 820 et
732 749 894 841 subjecto
924 746 1154 840 susceptibili.
1222 747 1351 841 Itaque

251 863 376 933 eadem
398 884 454 933 res
476 871 532 933 est
554 863 668 934 forma
693 861 807 945 calidi,
825 871 889 934 aut
914 863 1028 934 forma
1052 863 1208 947 luminis,
1227 873 1265 936 et
1290 865 1351 937 lex

250 977 355 1049 calidi
381 979 455 1049 sive
483 979 542 1049 lex
568 979 735 1065 luminis;
767 1002 883 1072 neque
910 1001 995 1049 vero
1021 1002 1043 1050 a
1068 979 1174 1051 rebus
1200 979 1284 1073 ipsis
1312 989 1351 1052 et

249 1102 350 1186 parte
374 1095 556 1187 operativa
582 1118 739 1188 uuquam
767 1117 832 1166 nos
858 1093 1104 1176 abstrahimus,
1127 1105 1190 1166 aut
1216 1097 1351 1167 recedi-

249 1233 339 1281 mus.
392 1209 511 1294 Qusre
536 1234 618 1282 oum
645 1212 795 1282 dicimus
820 1209 992 1303 (exempli
1017 1211 1147 1304 gratia)
1170 1213 1208 1282 iu
1234 1211 1350 1304 iuqui-

249 1326 377 1396 sitione
404 1326 525 1396 formae
550 1327 685 1410 caloris,
708 1326 831 1421 Rejice
855 1325 1063 1409 tenuitatem,
1090 1334 1154 1397 εει
1183 1324 1349 1398 Tertullae

248 1463 318 1512 nou
347 1450 397 1512 eat
425 1465 469 1512 ee
486 1439 613 1537 sermo
643 1440 794 1522 calcem,-
834 1443 930 1514 idem
960 1451 1016 1512 est
1046 1463 1088 1512 ac
1118 1444 1147 1512 si
1179 1443 1348 1526 dicamus,

248 1555 369 1630 Potest
384 1555 485 1630 homo
507 1559 772 1655 superinducere
797 1557 944 1631 colorem
969 1557 1008 1628 in
1032 1579 1157 1652 eorpus
1182 1556 1323 1630 meeum
1334 1586 1348 1640 ‚-

248 1683 311 1745 εει
335 1685 468 1756 εοειεε,
491 1673 612 1747 Potest
634 1673 735 1748 homo
760 1674 901 1772 auferre
924 1681 985 1745 out
1009 1697 1127 1746 arcere
1151 1673 1298 1747 colerere
1324 1699 1347 1748 u

248 1811 390 1884 corpore
405 1790 510 1862 tenui.

298 1902 403 1987 Quod
420 1905 451 1975 si
468 1905 632 1998 cuiquam
651 1905 839 1978 videantur
855 1906 964 1977 etiam
985 1906 1106 1977 forma
1131 1915 1259 1978 nostru
1284 1907 1347 1978 ha·

247 2019 331 2091 bere
356 2019 518 2090 nonnihil
543 2021 724 2105 abstracti,
745 2021 838 2113 quod
866 2021 1040 2092 misceant
1064 2029 1103 2091 et
1128 2023 1347 2116 conjungant

247 2134 492 2229 heterogenea,
523 2137 705 2224 (videntur
734 2137 829 2206 enim
860 2134 964 2207 valde
998 2157 1075 2206 esse
1108 2136 1346 2231 heterogenea

245 2248 342 2321 calor
357 2251 565 2334 coelestium,
582 2260 620 2321 et
637 2252 749 2345 ignis;
774 2251 884 2322 rubor
899 2251 992 2321 fixus
1007 2251 1045 2321 in
1063 2271 1151 2334 rosa,
1170 2262 1233 2323 εει
1249 2253 1347 2323 simi-

246 2363 348 2450 libus,
365 2375 404 2438 et
429 2389 600 2460 apparens
625 2368 662 2437 in
688 2367 789 2450 iride,
811 2376 875 2438 εει
900 2367 1007 2438 radiis
1031 2366 1151 2460 opalii,
1174 2377 1239 2439 eut
1263 2369 1346 2440 ada-

246 2483 402 2565 mantis;
445 2505 540 2554 mors
573 2505 619 2552 ex
654 2483 919 2566 summersione,
953 2504 1000 2553 ex
1034 2485 1263 2570 crematione,
1297 2509 1344 2557 cx

244 2606 420 2688 punctura
443 2597 563 2692 gladii,
584 2619 631 2667 ex
656 2595 853 2690 apoplexia,
877 2619 923 2667 ex
948 2598 1133 2690 atrophia;
1159 2605 1197 2669 et
1225 2605 1344 2671 tamen

245 2712 461 2785 conveniunt
480 2715 548 2784 ista
570 2713 607 2783 in
631 2721 758 2784 natura
781 2712 899 2796 calidi,
917 2713 1066 2796 ruboris,
1083 2713 1223 2806 mortis)
1251 2716 1281 2786 is
1306 2738 1345 2788 se

244 2827 374 2900 habere
396 2827 621 2900 intellectum
642 2829 736 2899 norit
761 2829 1019 2900 cousuetudine
1042 2838 1080 2899 et
1103 2829 1345 2923 integralitate

244 2965 362 3014 rerum
386 2953 424 3016 et
449 2944 673 3038 opinionibus
698 2953 843 3037 captum
867 2952 906 3014 et
927 2945 1127 3016 detentum.
1178 2945 1342 3018 Certissi-

242 3081 343 3130 mum
372 3061 468 3132 enim
489 3033 558 3143 ‘cst
584 3061 662 3142 ista,
683 3069 864 3152 uteunque
889 3059 1130 3152 heterogenea
1154 3067 1192 3129 et
1216 3060 1343 3144 aliena,

243 3175 337 3247 coire
354 3175 391 3244 in
410 3175 571 3258 formam,
590 3175 664 3246 sive
680 3174 798 3270 legem
816 3197 907 3257 eam,
925 3196 1002 3265 qum
1020 3174 1160 3244 ordinat
1177 3173 1341 3258 calorem,

242 3298 305 3360 aut
322 3289 496 3370 ruborem,
514 3299 577 3361 aut
594 3298 763 3370 mortem;
781 3312 848 3361 nec
865 3289 1080 3382 emancipari
1099 3309 1200 3379 posse
1216 3298 1343 3381 poten-

243 3405 331 3476 tiam
348 3406 550 3488 humanam,
568 3415 606 3477 et
623 3406 763 3477 liberari
780 3428 802 3476 a
818 3413 955 3475 natura
971 3427 1076 3476 cursu
1094 3405 1286 3488 communi,
1303 3415 1342 3476 et

242 3523 394 3615 expandi
412 3532 451 3593 et
467 3521 617 3594 exaltari
640 3521 684 3592 ad
710 3522 900 3593 efficientia
925 3543 1027 3603 nova,
1044 3528 1084 3591 et
1108 3520 1233 3592 modos
1259 3544 1343 3614 ope-

241 3638 341 3710 randi
362 3661 482 3722 novos,
500 3639 567 3710 nisi
585 3661 648 3731 per
663 3638 918 3710 revelationem
942 3645 981 3708 et
1006 3637 1250 3708 inventionem
1275 3638 1342 3708 lru-

234 3755 392 3847 jusmodi
410 3754 622 3840 iormamm;
648 3762 824 3825 ettamen
849 3761 931 3847 post
953 3754 1058 3824 istam
1083 3753 1253 3824 unionem
1280 3777 1343 3824 ua-

241 3867 371 3954 turae¹⁸,
389 3893 467 3963 qum
484 3877 540 3940 est
556 3892 613 3941 res
631 3871 788 3940 maxime
804 3868 1019 3962 principalis,
1037 3868 1083 3938 de
1100 3875 1235 3940 naturae
1252 3870 1342 3940 divi-

240 3984 397 4058 sionibus
422 3993 461 4054 et
482 3986 590 4066 venis,
609 3995 684 4054 tam
708 3985 902 4068 ordinariis,
920 4005 1027 4075 quam
1052 3983 1280 4056 interioribus
1302 3994 1341 4056 et

239 4100 443 4182 verioribus,
460 4122 524 4171 suo
541 4098 621 4170 loco
636 4110 762 4193 postea
778 4101 928 4172 dicetur.

278 4273 301 4314 ¹⁸
319 4274 341 4330 1.
349 4293 372 4330 e.
383 4273 433 4330 the
443 4291 569 4331 common
582 4275 661 4330 Form
672 4293 705 4331 or
715 4276 843 4348 principle
861 4275 891 4330 ol
905 4275 1007 4330 Nature
1018 4273 1105 4330 iound
1116 4273 1143 4327 iu
1158 4273 1341 4344 Heterogeue·

237 4377 288 4416 cus
301 4360 429 4416 Natures.
465 4360 507 4416 (ιι.
521 4377 594 4431 supr.
609 4359 646 4417 11.
659 4379 686 4432 3.
