3222 5148
596 335 685 401 LIB.
703 336 730 402 1.
748 337 799 422 89,
811 357 863 422 90.
1239 341 1283 403 et

175 499 241 586 nis,
265 510 306 573 et
330 501 416 574 fidei
442 503 477 572 in
501 525 643 576 sensum
667 506 828 600 imperio,
852 505 1053 578 diffiderent
1077 529 1120 578 ac
1144 507 1285 579 dubite-

175 627 280 702 rent;
306 628 347 690 et
370 625 557 712 propterea
580 623 625 693 ab
649 624 877 716 inquisitione
894 623 1054 694 veritatis
1077 624 1114 693 in
1137 631 1282 696 natura-

175 734 269 807 libus
294 737 495 830 pericnlum
522 736 592 808 illis
622 740 826 832 impendere
851 747 1067 810 metuerent.
1118 735 1174 808 At
1200 761 1282 810 vere
1385 745 1392 760 ‘

175 871 251 923 rem
275 854 470 946 reputanti,
487 853 709 948 philosophia
732 853 912 936 naturalis,
931 861 1011 946 post
1034 853 1182 925 verbum
1200 853 1283 939 Dei,

174 969 375 1040 certissima
391 970 649 1061 superstitionis
662 970 838 1042 medicina
851 967 972 1053 est¹⁰⁰;
990 969 1187 1061 eademque
1203 994 1284 1063 pro-

174 1081 399 1156 batissimum
424 1085 507 1158 fidei
534 1086 755 1158 alimentum.
808 1085 936 1178 Itaque
963 1085 1092 1156 merito
1118 1084 1281 1179 religioni

173 1203 331 1274 donatur
356 1211 526 1296 tanquam
549 1203 718 1275 fidissima
739 1204 891 1276 ancilla:
919 1227 1001 1275 cum
1027 1203 1140 1275 altera
1158 1202 1283 1274 volun-

176 1329 293 1390 tatem
311 1317 394 1402 Dei,
411 1319 525 1390 altera
541 1327 756 1412 potestatem
774 1320 988 1392 manifestet.
1035 1319 1167 1412 Neque
1185 1321 1281 1391 enim

176 1434 309 1506 erravit
326 1433 407 1517 Ille,
424 1436 485 1528 qni
510 1437 625 1518 dixit3
650 1435 785 1517 motis,
809 1436 993 1506 nescientes
1009 1433 1225 1529 scripturas,
1250 1443 1283 1504 et

173 1559 374 1646 potestatem
391 1549 464 1622 Dei
468 1549 505 1621 ¹:
531 1552 817 1624 informationem
837 1552 882 1621 de
899 1551 1098 1638 voluntate,
1116 1561 1154 1624 et
1170 1552 1285 1622 medi-

177 1668 354 1739 tationem
376 1668 421 1736 de
446 1677 633 1761 potestate,
650 1691 748 1739 nexu
771 1668 954 1739 individuo
982 1669 1218 1740 commiscens
1244 1679 1283 1739 et

173 1783 358 1876 copulans.
424 1781 573 1854 Interim
618 1784 735 1854 minus
775 1783 905 1853 mirum
941 1791 1006 1867 est,
1037 1787 1065 1854 si
1109 1783 1282 1855 naturalis

175 1895 409 1992 philosophie
424 1900 643 1970 incrementa
659 1899 816 1970 cohibita
832 1900 923 1983 sint3
949 1923 1031 1970 cum
1048 1899 1184 1994 religio,
1202 1921 1280 1992 quor

174 2013 369 2106 plurimum
396 2017 489 2109 apud
515 2017 651 2088 animos
675 2017 861 2087 hominum
888 2014 1011 2109 pollet,
1037 2039 1100 2108 per
1125 2039 1281 2107 quorun-

173 2129 259 2202 dam
280 2133 496 2226 imperitiam
520 2141 558 2203 et
580 2133 698 2204 celum
719 2133 903 2202 incautum
927 2132 964 2201 in
981 2139 1120 2225 partem
1141 2141 1281 2202 contra-

173 2247 264 2320 riam
281 2252 473 2335 transierit,
492 2259 531 2322 et
546 2251 693 2345 abrepto
710 2250 829 2320 fuerit.

686 2411 768 2485 XC.

225 2529 365 2602 Rursus
394 2533 431 2602 in
461 2531 619 2602 moribus
649 2539 686 2601 et
713 2529 886 2601 institutis
914 2529 1126 2614 scholarum,
1154 2530 1280 2602 acade-

173 2647 340 2732 miarum,
367 2645 608 2742 collegiorum,
639 2654 677 2716 et
710 2645 880 2716 similium
914 2653 1170 2730 conventuum,
1200 2670 1278 2739 quae

173 2765 362 2835 doctorum
398 2763 582 2834 hominum
617 2761 770 2848 sedibus,
805 2769 843 2832 et
880 2763 1090 2833 eruditionis
1130 2763 1278 2834 culturae

172 2880 354 2952 destinata
383 2889 476 2965 sunt,
505 2881 623 2950 omnin
646 2879 844 2974 progressui
876 2880 1104 2952 scientiarum
1132 2875 1280 2952 adversa

171 2997 413 3070 inveniuntur.
467 2993 658 3068 Lectiones
678 2996 773 3066 enim
792 3002 830 3065 et
846 2996 1020 3066 exercitia
1036 2995 1089 3065 ita
1109 3006 1192 3066 sunt
1210 2997 1280 3066 dis.

173 3113 299 3207 positu,
326 3121 368 3184 ut
397 3111 495 3184 aliud
525 3111 548 3183 'a
577 3113 754 3184 consuetis
782 3107 877 3182 haud
910 3110 1014 3181 facile
1044 3111 1211 3204 cuiquam
1242 3112 1279 3182 in

172 3239 335 3302 mentem
363 3231 484 3301 veniat
512 3230 681 3324 cogitare,
710 3235 774 3298 aut
803 3225 1068 3320 contemplari2.
1127 3227 1165 3297 Si
1195 3250 1279 3298 vero

209 3435 247 3477 ¹⁰⁰
265 3433 303 3492 So
332 3437 389 3492 also
418 3437 447 3491 in
471 3435 517 3492 the
544 3435 630 3491 iilum
656 3433 706 3492 la-
748 3432 854 3506 though
866 3433 929 3506 they
940 3433 1057 3506 thought
1068 3434 1127 3489 that
1138 3434 1185 3489 the
1196 3433 1280 3490 world

171 3514 368 3588 hyrintbi,§7.
393 3513 555 3571 ltisworth
571 3514 706 3570 consider·
746 3513 931 3570 wasadevice
942 3513 1028 3568 nithe
1040 3513 1091 3568 evil
1103 3531 1163 3577 one,
1175 3513 1280 3570 instead

171 3596 221 3668 ing
244 3593 299 3650 this
318 3593 454 3667 judiciem
481 3593 635 3650 distinction
658 3593 705 3650 bc·
746 3592 778 3647 ol
793 3591 840 3648 the
851 3593 925 3647 work
937 3591 968 3647 ol
978 3591 1049 3648 God.
1086 3591 1128 3647 cf.
1142 3591 1281 3650 Brownc’s

170 3683 258 3730 tmen
276 3672 323 3729 the
341 3673 477 3730 meminus
493 3673 525 3728 ol
539 3672 704 3744 HnlyWrit,
747 3669 990 3726 semestre.
1022 3671 1131 3727 Keble’s
1144 3671 1280 3729 Christian

171 3753 228 3810 sad
248 3753 327 3808 those
344 3752 376 3808 oi
393 3752 506 3808 Nature.
543 3751 604 3806 One
621 3752 645 3806 is
663 3769 705 3806 re·
745 3749 826 3814 Ycar,
839 3749 967 3821 Septung.
981 3749 1101 3822 Sunday.

170 3830 446 3890 monmorentius
457 3831 563 3886 famous
572 3838 705 3888 cunctum
783 3828 793 3868 ¹
813 3828 911 3884 Matth.
925 3829 987 3884 xxii.
999 3846 1041 3900 cp.

170 3911 242 3968 hnilt
267 3927 343 3982 upon
371 3909 417 3965 the
445 3911 560 3982 unulogy
587 3910 705 3964 between
781 3907 905 3962 ²Bacon
917 3907 1006 3979 might
1017 3907 1084 3962 have
1097 3907 1151 3964 had
1164 3909 1193 3964 ἰιι
1204 3909 1280 3964 mind

170 3988 704 4060 thematerinlrrorldandthesphitusl.
745 3986 792 4042 the
811 3985 969 4058 University
992 3986 1023 4041 oi
1045 3987 1129 4052 Paris,
1153 3989 1207 4044 and
1235 3989 1281 4044 the

170 4069 230 4124 'tue
242 4077 297 4123 tvo
310 4066 379 4124 hare
394 4067 459 4124 esch
471 4067 540 4122 their
551 4077 610 4139 pert
617 4090 626 4132 ς
650 4067 704 4122 anti
747 4064 951 4137 Ramistlogic
961 4084 990 4120 as
1002 4066 1060 4120 well
1073 4084 1102 4120 as
1114 4067 1160 4122 tho
1172 4068 1280 4138 general

169 4146 236 4218 thoy
255 4154 331 4202 must
350 4146 522 4218 comcspond.
556 4146 704 4202 Auditis
746 4153 847 4215 system
869 4146 900 4200 oi
920 4145 1067 4200 Scholastic
1091 4144 1278 4216 disputatione,

168 4233 187 4272 ι
203 4223 315 4290 mmo
332 4225 446 4290 tyranny
467 4217 553 4272 which
574 4235 636 4274 men
660 4235 705 4273 trs
744 4221 835 4278 whose
853 4223 963 4280 shadow
984 4225 1038 4279 still
1058 4224 1158 4294 lingere
1180 4241 1280 4294 among

170 4305 245 4353 vom
268 4304 298 4351 to
323 4296 439 4352 ιιιιιὶιο
461 4296 490 4352 in
514 4295 599 4352 God's
626 4314 705 4352 nome
744 4317 788 4358 us.

170 4393 237 4432 orer
247 4373 294 4431 the
305 4373 395 4445 mindo
406 4375 438 4432 ot'
448 4375 516 4432 their
527 4374 663 4444 brcthrsn,
674 4393 705 4432 ιι
