3078 5180
537 355 797 424 PRAEFA'I'IO.
1197 361 1218 424 9

108 525 230 612 partes
253 519 467 591 tribuerunt.
521 519 581 591 Ex
604 544 676 614 quo
700 520 823 614 liquet,
841 520 920 593 illos
940 521 1140 594 intellectui
1157 525 1218 594 ad-

107 635 283 707 minicula
300 635 511 728 quaesivisse,
529 638 660 708 mentis
682 645 806 708 autem
830 659 1033 730 processum
1056 640 1216 710 nativum

109 759 148 822 et
171 761 302 846 sponte
326 763 529 824 moventem
553 762 757 846 suspectum
782 753 957 826 habuisse.
1009 753 1080 825 Sed
1099 775 1216 825 serum

109 866 218 960 plane
245 869 351 940 rebus
377 869 524 962 perditis
554 867 622 940 hoc
649 869 841 941 adhibetur
867 869 1088 953 remedium
1124 881 1218 963 post·

110 1005 220 1077 qnam
245 1007 356 1066 mens,
375 1009 421 1056 ex
442 986 647 1077 quotidiana
670 986 752 1056 vitae
775 985 1043 1068 consuetudine,
1060 994 1098 1056 et
1119 987 1219 1058 audi-

110 1101 272 1172 tionibus
295 1110 332 1173 et
355 1103 526 1173 doctrinis
549 1102 743 1193 inquinatis
767 1109 950 1193 occupata,
968 1111 1006 1172 et
1023 1102 1219 1175 vanissimis

119 1214 218 1286 'otia
246 1215 387 1288 obsessa
414 1216 531 1288 fuerit.
585 1216 713 1309 Itaque
740 1241 795 1288 ars
822 1216 884 1287 ilia
911 1216 1113 1302 dialecticae,
1140 1241 1219 1290 sero

111 1337 170 1424 (ut
194 1333 364 1420 diximus)
387 1355 523 1416 cavens,
542 1355 659 1426 neque
681 1357 755 1404 rem
784 1333 857 1402 ullo
882 1333 989 1403 modo
1015 1334 1218 1420 restituens,

110 1451 156 1522 ad
179 1471 315 1521 errores
338 1450 456 1543 potius
477 1451 637 1544 figendos
654 1471 758 1541 quam
781 1449 826 1520 ad
845 1449 1035 1521 veritatem
1059 1452 1219 1542 aperien-

109 1566 195 1638 dam
228 1564 350 1638 valuit.
407 1565 533 1636 Restat
566 1565 669 1636 unica
698 1565 791 1636 salus
821 1587 863 1635 ac
892 1565 1032 1650 sanitas,
1060 1576 1101 1636 ut
1131 1589 1218 1660 opus

110 1682 245 1753 mentis
267 1682 471 1752 universum
494 1681 538 1751 de
555 1681 693 1775 integro
711 1692 931 1767 resumatur;
960 1703 1001 1750 ac
1024 1703 1125 1754 mens
1141 1683 1218 1774 jam

110 1797 159 1868 ab
191 1796 269 1888 ipso
303 1796 474 1889 principio
511 1794 608 1866 nullo
642 1797 750 1867 modo
783 1797 850 1866 sibi
883 1796 1123 1888 permittatur,
1156 1799 1218 1868 sed

111 1921 287 2006 perpetuo
305 1921 468 2006 rogatum
494 1935 535 1982 ac
553 1935 618 1992 res,
637 1911 748 1983 veluti
770 1935 833 2004 per
849 1913 1038 1995 machinas,
1056 1914 1219 1984 coniicia-

111 2041 183 2098 tur.
237 2027 332 2098 Sane
349 2029 379 2098 si
396 2027 557 2098 homines
574 2051 680 2120 opera
701 2027 906 2098 mechanica
924 2029 1028 2098 nudis
1045 2029 1218 2113 manibus,

110 2145 246 2236 absque
284 2144 600 2214 instrumentorum
637 2144 671 2212 vi
710 2153 749 2214 et
787 2165 863 2234 ope,
899 2144 1052 2236 aggressi
1088 2155 1217 2227 essent,

109 2261 412 2354 quemadmodum
441 2283 547 2352 opera
572 2259 830 2330 intellectualia
856 2260 962 2328 nudis
989 2259 1062 2330 fere
1088 2262 1218 2332 mentis

111 2377 246 2448 viribus
271 2384 423 2446 tractare
444 2399 514 2446 non
535 2377 766 2456 dubitarunt3
792 2397 906 2468 parvae
922 2375 1114 2446 admodum
1134 2377 1219 2448 fuis·

110 2503 194 2564 seut
211 2513 275 2576 res,
289 2513 377 2584 quas
393 2513 536 2562 movere
553 2501 592 2562 et
608 2493 749 2562 vincere
767 2492 973 2584 potuissent,
992 2491 1077 2564 licet
1095 2515 1218 2586 operas

111 2610 248 2694 enixae,
275 2618 384 2700 atque
411 2609 518 2678 etiam
545 2608 752 2700 conjunctas
778 2610 1036 2700 praestitissent.
1093 2608 1218 2703 Atque

110 2727 139 2796 si
172 2725 352 2818 paulisper
380 2721 518 2806 morari,
548 2733 656 2815 atque
686 2724 723 2792 in
753 2723 819 2794 hoc
851 2726 966 2816 ipsum
998 2727 1216 2818 exemplum,

110 2841 224 2914 veluti
256 2843 293 2910 in
324 2839 518 2933 speculum,
547 2841 678 2910 intueri
709 2840 879 2923 velirnus;
917 2843 1144 2933 exquiramus
1173 2847 1215 2938 (si

110 2955 244 3050 placet)
269 2958 298 3027 si
323 2956 414 3027 forte
439 2954 612 3026 obeliscus
635 2955 771 3047 aliquis,
790 2958 1036 3050 magnitudine
1060 2959 1216 3052 insignis,

109 3075 155 3145 ad
177 3072 349 3166 triumphi
370 3071 422 3141 vei
449 3072 649 3163 hujusmodi
675 3073 947 3166 magnificentia
973 3074 1082 3144 decus
1106 3085 1218 3145 trans·

109 3189 280 3260 ferendus
297 3193 526 3278 assistatque
550 3188 584 3256 id
609 3188 770 3258 homines
793 3187 896 3256 nudis
913 3187 1077 3258 manibus
1094 3211 1216 3282 aggre-

109 3307 292 3386 derentur,
318 3325 434 3373 anoou
461 3301 528 3372 hoc
554 3325 691 3395 magnae
717 3303 898 3393 cujusdam
927 3323 1003 3372 esse
1027 3303 1216 3374 dementire

109 3429 291 3514 spectator
324 3418 499 3511 quispiam
538 3420 588 3487 rei
627 3418 765 3488 sobrius
803 3417 1000 3488 fateretur?
1046 3416 1151 3501 Quod
1187 3418 1215 3487 si

110 3557 301 3608 nnmerum
332 3543 505 3628 erigerent
535 3534 785 3624 operariorum,
813 3545 921 3625 atque
950 3534 1017 3604 hoc
1045 3535 1151 3604 modo
1178 3557 1217 3604 so

109 3651 230 3722 valere
264 3672 366 3742 posse
400 3649 628 3730 confiderent,
663 3671 781 3718 annon
823 3657 923 3719 tanto
962 3648 1102 3742 magis?
1152 3649 1216 3719 Sia

104 3780 233 3838 antem
259 3765 439 3837 delectum
463 3764 640 3857 quendam
666 3765 833 3836 adhibere
853 3764 999 3848 velient,
1019 3774 1127 3858 atque
1150 3768 1216 3835 im·

108 3881 311 3953 beciiliores
340 3903 511 3974 separare,
538 3892 575 3950 et
603 3879 756 3950 robustis
784 3889 924 3950 tantum
951 3892 989 3950 et
1016 3884 1216 3975 vigentibus

109 3998 174 4082 uti,
193 4003 303 4089 atque
328 3997 409 4067 hinc
434 3996 559 4066 saitem
584 4019 621 4066 se
639 3997 711 4066 voti
730 4005 912 4089 compotes
930 3998 1004 4066 fore
1022 4009 1215 4092 sperarent,

107 4135 228 4184 annon
260 4112 376 4184 adhuc
410 4134 470 4183 eos
503 4112 697 4206 impensius
730 4111 880 4184 delirare
914 4114 1074 4185 diceret?
1117 4114 1213 4199 Quin

108 4229 219 4300 etiam
245 4230 284 4312 si,
304 4229 371 4298 hoc
394 4230 471 4320 ipso
494 4251 563 4298 non
589 4230 891 4310 contemnentem
910 4230 1052 4300 tandem
1072 4230 1216 4300 athleti-

108 4371 188 4420 cam
216 4348 400 4419 consulere
426 4355 633 4430 statuerent,
651 4370 693 4418 nc
716 4369 838 4418 omnes
864 4348 1029 4440 deinceps
1052 4346 1215 4418 manibus

631 4482 693 4532 aa
