3156 5176
146 1567 309 1634 Abstracta.
324 1569 491 1644 perniciosa,
509 1584 575 1642 137.

147 1665 320 1740 Absumptio
333 1665 451 1732 humidi.
468 1683 537 1744 299.

147 1762 303 1820 Academia
316 1762 410 1830 Nova,
425 1776 476 1840 52.
491 1764 541 1836 63.

147 1859 336 1935 Acetulepsia
353 1877 381 1918 2.
398 1879 441 1937 29
455 1873 506 1939 52.
522 1861 573 1934 65.
589 1881 655 1938 224.

147 1958 256 2015 Acesta
269 1957 305 2014 de
317 1957 397 2015 fluxu
410 1966 440 2016 et
453 1959 565 2017 refluxu
578 1961 674 2026 muris,
694 1979 708 2018 2
712 1979 762 2036 39.

148 2054 234 2113 Actio
247 2054 393 2121 naturalis,
411 2071 479 2132 254,
496 2069 565 2132 255.

148 2153 227 2212 Acus
241 2153 362 2211 nauticae
375 2153 511 2218 inventio,
530 2153 680 2230 105.128.
715 2155 868 2222 verticitns,
886 2156 954 2230 246.

150 2250 320 2316 Admiratio,
336 2250 431 2326 proles
444 2251 578 2318 rarimtis,
596 2269 662 2324 224

149 2347 283 2424 AEgyptii
296 2365 391 2406 rerum
405 2348 600 2406 inventoribus
614 2349 790 2408 divinitatem
805 2349 976 2417 tribuerunt,
991 2350 1040 2408 61.

152 2475 274 2488 -—-
288 2444 443 2502 sucerdotis
456 2445 632 2513 vaticinium,
647 2459 697 2523 59.

150 2541 211 2600 Aer
234 2559 293 2598 non
318 2541 493 2600 rarissimum
519 2542 646 2600 omnium
669 2561 831 2618 corporum,
851 2560 901 2615 30.
932 2540 1050 2618 suscipit
1071 2541 1204 2610 calorem,
1228 2543 1252 2600 si

191 2637 385 2704 concludatur,
405 2656 470 2715 251.
486 2637 552 2696 262.
587 2639 623 2698 de
643 2641 777 2698 concluso
796 2640 1005 2715 inquirendum,
1028 2640 1094 2715 163.
1126 2639 1250 2709 attritus,

192 2754 250 2792 uon
268 2744 388 2812 generat
404 2736 550 2805 scintillas,
568 2737 636 2812 264.
670 2737 804 2796 facillime
824 2737 929 2813 excipit
949 2748 979 2797 et
999 2737 1099 2813 recipit
1119 2737 1254 2805 calorem,

197 2833 263 2892 28ο.
291 2834 354 2909 ejus
366 2834 505 2902 dilatatio,
523 2836 590 2910 187.
622 2837 683 2912 ejus
696 2836 1091 2912 mediareglolrigidissimc,
1107 2853 1175 2910 217.
1204 2835 1256 2893 Iu.

193 2932 298 2989 stantia
315 2932 482 2991 consistenti
498 2932 619 2999 hostilis,
638 2933 705 2991 228.
735 2935 840 2992 rotatio
854 2934 925 3009 ejus,
941 2951 1010 3008 234.
1040 2934 1139 2990 subter
1152 2951 1256 3007 equum

194 3029 330 3095 ascendit,
352 3029 388 3086 ib.
424 3048 482 3088 nou
507 3038 551 3088 est
571 3030 688 3088 flumme
711 3049 839 3098 accensa,
865 3046 931 3106 252.
966 3031 1086 3088 mistura
1105 3030 1168 3104 ejus
1190 3047 1255 3088 cum

194 3125 377 3202 spiritalibus,
395 3140 462 3203 273.
494 3127 624 3185 extensio
645 3128 706 3203 ejus
723 3127 753 3184 iu
777 3127 838 3185 ovis
855 3126 962 3194 vitreis,
979 3128 1046 3187 282.
1081 3145 1139 3185 non
1162 3125 1258 3183 subito

193 3225 296 3282 transit
309 3242 396 3300 poros
409 3243 541 3282 vasorum
555 3225 730 3292 solidiorum,
748 3243 815 3302 294.

155 3321 301 3380 AEschiniu
315 3323 351 3380 dc
366 3323 529 3380 Alexandro
544 3323 658 3398 Magno
672 3324 789 3393 dictum,
804 3340 855 3400 94.

155 3420 322 3486 AEternitus‚
337 3420 481 3496 quomodo
498 3421 659 3492 defluxerit,
675 3439 723 3498 27.

155 3517 311 3593 AEthionia,
326 3535 377 3593 29-

155 3615 337 3691 AEtnu,170.

156 3713 280 3771 Affectus
294 3713 468 3772 intellectum
483 3713 608 3790 tingunt,
626 3715 674 3773 28.

154 3812 330 3871 Affirmativa
351 3811 438 3888 vulgo
462 3812 574 3887 potiore
596 3831 681 3888 quom
702 3813 848 3889 negativa.
875 3829 920 3888 25.
957 3812 1068 3877 formae,
1092 3818 1261 3887 angustatur

193 3928 244 3985 per
258 3910 413 3968 Instantius
427 3910 595 3986 migrantes,
613 3927 681 3969 222.
703 3929 755 3986 per
768 3911 925 3969 Instantius
939 3909 1103 3975 comitatus.
1122 3903 1191 3982 227.

156 4007 259 4074 Africa,
275 4023 325 4084 59.
343 4009 411 4067 226.

158 4104 268 4164 Albedo
282 4105 351 4180 quid
364 4105 411 4172 sit,
428 4123 497 4164 222.

156 4203 346 4270 Alchemistae‚
366 4222 414 4280 79.
428 4203 474 4262 86.
496 4222 594 4262 eorum
610 4223 698 4272 error,
715 4207 785 4278 328.

157 4303 317 4362 Alexander
331 4301 467 4380 Magnus,
484 4303 532 4361 82.
547 4321 597 4378 94,
614 4319 664 4380 95.
