3222 5148
320 298 385 368 176
647 302 820 368 NOVUM
843 303 1093 368 ORGANUM.

393 487 472 556 quae
489 475 572 536 sunt
589 467 664 538 sine
681 489 809 562 magna
825 469 1027 539 acrimonia.
1055 468 1281 540 Fortissimus
1296 479 1419 542 nutem

394 580 489 651 calor
505 581 680 674 reperitur
695 583 733 654 in
752 584 829 676 pice
846 591 885 655 et
901 585 1028 666 resino,
1046 592 1156 675 etque
1172 583 1290 655 adhtm
1307 587 1420 679 magis

391 695 429 763 in
447 694 625 788 sulphure,
644 705 681 766 et
706 697 871 790 caphurn,
891 710 929 768 et
952 696 1121 790 naphtha,
1138 705 1177 767 et
1194 696 1363 790 petroleo,
1381 706 1420 770 et

391 807 531 892 salibus,
562 809 764 903 (postquem
794 813 945 883 materia
973 812 1083 882 cruda
1111 809 1283 904 eruperit)
1313 823 1352 882 et
1381 814 1419 882 in

390 925 517 995 horum
536 926 860 1018 compositionibus,
877 926 989 997 veluti
1007 927 1154 1019 pulvere
1174 929 1418 1010 tormentatio,
1456 945 1463 960 ·

391 1041 474 1134 igne
498 1039 670 1122 Graecoffi,
693 1041 817 1134 (quem
847 1041 955 1135 vulgo
984 1045 1106 1136 ignem
1131 1043 1248 1113 ferum
1273 1044 1418 1136 vocent)

391 1165 430 1228 et
446 1157 595 1228 diversis
611 1158 687 1250 ejus
708 1157 908 1251 gonoribus,
925 1181 1004 1250 quae
1027 1167 1103 1228 tam
1119 1157 1340 1229 obstinatum
1356 1158 1418 1230 ha-

390 1272 479 1342 bent
495 1271 662 1358 calorem,
679 1282 721 1342 ut
736 1274 782 1343 ab
798 1273 898 1365 aquis
919 1295 991 1344 non
1011 1272 1115 1344 facile
1131 1275 1417 1368 exstinguantur.

317 1393 376 1460 22.
396 1387 651 1460 Existimemus
666 1390 777 1460 etiam
793 1387 983 1470 flammam,
1001 1412 1080 1482 quse
1097 1389 1249 1460 resultat
1266 1413 1312 1460 ex
1330 1413 1419 1460 non-

390 1503 497 1575 nullis
526 1503 680 1575 metallis
708 1500 970 1597 imperfectisffl,
996 1526 1073 1575 esse
1100 1504 1204 1574 vnlde
1234 1504 1417 1576 robustam

390 1631 429 1690 et
461 1641 591 1690 acrem.
647 1617 786 1690 Verum
820 1621 865 1692 de
898 1621 977 1692 istis
1015 1621 1180 1691 omnibus
1218 1621 1418 1713 inquiretur

390 1731 551 1805 ulterius.

316 1854 376 1920 23.
395 1848 552 1921 Videtur
583 1857 705 1920 autem
738 1848 882 1920 flamma
914 1849 1105 1922 fulminum
1140 1847 1417 1944 potentiomm⁹⁷

388 1964 452 2035 has
477 1987 600 2034 omnes
621 1964 780 2037 flammas
805 1988 990 2059 superare3
1024 1969 1115 2040 adeo
1141 1978 1184 2038 ut
1209 1969 1340 2040 ferrum
1362 1970 1418 2062 ip-

388 2103 468 2152 sum
494 2081 693 2174 perfectum
718 2081 911 2174 aliquando
936 2082 1184 2176 colliqueverit
1209 2085 1246 2154 in
1271 2093 1416 2179 guttns;

388 2197 484 2289 quod
501 2195 652 2268 flammae
672 2196 743 2268 illae
759 2198 879 2270 alterae
897 2199 1013 2271 fucere
1034 2223 1106 2270 non
1123 2209 1282 2292 possunt.
1335 2263 1340 2272 .

314 2316 373 2383 24.
391 2309 436 2380 In
453 2311 576 2406 ignitis
598 2320 720 2382 autem
738 2311 866 2384 diversi
889 2323 973 2385 sunt
993 2316 1102 2386 etiam
1123 2315 1256 2409 gradus
1278 2315 1415 2402 caloris,

388 2427 433 2498 de
461 2427 589 2519 quihus
615 2428 723 2498 etiam
749 2450 821 2500 non
845 2430 941 2500 facto
966 2439 1022 2502 est
1045 2431 1197 2525 diligens
1218 2432 1414 2524 inquisitio.

386 2540 551 2613 Calorem
568 2545 725 2613 maxime
749 2543 905 2615 debilem
921 2547 1167 2619 existimemus
1191 2570 1269 2619 esse
1285 2571 1331 2620 ox
1350 2546 1416 2618 lin·

386 2667 447 2729 teo
473 2667 579 2742 usto;
610 2658 704 2750 quali
729 2661 774 2730 ud
795 2659 945 2730 flamme
968 2661 1224 2734 excitationem
1249 2665 1302 2734 uti
1324 2662 1416 2734 sole-

385 2797 488 2856 mus;
513 2783 553 2845 et
569 2773 733 2846 similiter
749 2797 796 2844 ex
819 2773 918 2869 ligno
938 2773 1001 2846 illo
1025 2775 1223 2870 spongioso,
1239 2788 1304 2848 aut
1321 2778 1416 2848 funi·

385 2889 474 2962 culis
503 2891 677 2974 arefactis,
708 2890 770 2982 qui
801 2891 846 2961 nd
877 2901 1136 2962 tormentcrum
1165 2893 1413 2964 accensionem

385 3007 609 3078 adhibentur.
662 3005 749 3076 Post
771 3005 868 3076 huno
891 3007 1053 3099 sequitur
1077 3007 1182 3078 carbo
1209 3008 1344 3101 ignitus
1366 3031 1414 3078 ex

384 3121 500 3216 lignis,
518 3131 557 3192 et
578 3121 816 3204 anthmcihus,
832 3130 942 3214 utque
965 3123 1075 3194 etium
1092 3145 1139 3193 ex
1163 3121 1335 3194 lateribus
1358 3125 1412 3218 ig·

383 3239 480 3321 nitis,
500 3246 539 3307 et
564 3237 748 3309 similibus.
801 3235 1001 3331 Ignitorum
1027 3247 1150 3309 eutem
1175 3238 1415 3310 vehementis·

384 3355 473 3425 sime
506 3353 620 3424 onlids
648 3355 895 3426 existimamus
928 3375 1004 3426 esee
1037 3353 1184 3424 metalla
1217 3355 1343 3448 ignita,
1373 3363 1414 3425 ut

356 3545 381 3586 ⁹⁶
399 3545 580 3617 Gunpowder.
627 3543 686 3600 'l'hs
715 3545 840 3618 ordinary
881 3545 1415 3603 metullicsubstaneeswhichareduetile

309 3624 485 3696 composition
501 3623 532 3678 ol
542 3623 715 3695 Guupowder
731 3625 754 3679 is
770 3624 840 3694 pni-
881 3623 934 3680 und
958 3625 1028 3680 fixed
1047 3627 1076 3680 in
1093 3625 1139 3679 the
1159 3625 1217 3690 lire,
1236 3633 1264 3678 to
1279 3643 1297 3678 a
1315 3626 1416 3680 cende

309 3713 358 3768 tre,
389 3701 549 3774 lemphm,
579 3702 744 3771 teharcool.
791 3701 841 3757 See
881 3703 980 3772 degree,
992 3702 1042 3758 but
1053 3702 1141 3758 which
1156 3719 1202 3757 are
1221 3702 1364 3776 destroyed
1379 3703 1416 3776 by

308 3782 371 3837 infr.
384 3780 422 3836 11.
432 3781 477 3852 36.
491 3781 593 3852 lust7.
881 3780 927 3836 the
945 3779 1090 3836 continued
1110 3781 1199 3835 action
1221 3781 1252 3836 oi
1268 3781 1332 3846 fise3
1362 3781 1415 3836 i.e.

346 3859 496 3914 Greek-dre
512 3875 566 3912 was
589 3857 646 3913 said
667 3867 695 3912 to
713 3857 747 3913 he
767 3875 840 3913 corn·
881 3857 1004 3929 chenged
1021 3859 1078 3913 into
1095 3875 1131 3912 an
1148 3857 1225 3913 earth
1242 3855 1370 3928 deprived
1388 3858 1419 3914 of

309 3937 393 4010 posed
413 3937 445 3992 ol
462 3936 584 4007 nrlphnr,
606 3935 734 4007 naphtha,
756 3937 839 4007 pitch,
879 3937 916 3991 all
933 3935 979 3992 the
997 3936 1193 3992 char-aeterium
1218 3937 1365 4008 propertius
1388 3936 1418 3992 ol

308 4033 384 4088 gum,
397 4016 450 4070 and
466 4015 605 4075 bitumenz
624 4015 645 4068 it
660 4014 743 4070 bnmt
754 4014 840 4069 under
879 4015 1062 4072 mutale-vis.
1079 4031 1189 4086 copper,
1208 4016 1276 4078 iron,
1295 4015 1345 4080 tin,
1363 4013 1416 4070 end

308 4105 397 4151 mter.
434 4093 839 4165 ItwninvenmdbyaGneelr
879 4093 948 4148 lead.

308 4175 433 4245 engineer
459 4171 490 4226 os
516 4170 664 4242 Heliopolis
693 4171 721 4224 in
752 4169 838 4241 Syris,
914 4170 939 4212 ⁹⁷
958 4169 1198 4242 “potentiorum''
1211 4189 1239 4226 as
1253 4170 1415 4243 opposedto

307 4251 405 4307 named
418 4250 572 4314 cenricus,
585 4267 617 4305 s.
626 4265 657 4303 n.
669 4247 731 4304 660.
880 4248 962 4304 Sheet
976 4249 1121 4322 lightning.
1157 4247 1204 4304 Gi.
1217 4266 1310 4319 supm,
1324 4249 1362 4304 ll.
1374 4265 1413 4304 rr.

343 4328 368 4368 Ν
386 4327 556 4400 “Imperleet
568 4327 696 4390 Metals,”
710 4343 746 4382 eo.
762 4326 839 4382 those
881 4325 948 4383 lust.
958 4346 984 4400 9.
