<?xml version="1.0" encoding="UTF-8"?>
<!DOCTYPE html PUBLIC "-//W3C//DTD XHTML 1.0 Transitional//EN"
    "http://www.w3.org/TR/xhtml1/DTD/xhtml1-transitional.dtd">
<html xmlns="http://www.w3.org/1999/xhtml" xml:lang="en" lang="en">
 <head>
  <title>
</title>
<meta http-equiv="Content-Type" content="text/html;charset=utf-8" />
  <meta name='ocr-system' content='tesseract 3.04.00' />
  <meta name='ocr-capabilities' content='ocr_page ocr_carea ocr_par ocr_line ocrx_word'/>
</head>
<body>
  <div class='ocr_page' id='page_1' title='image "./franciscibaconi01kitcgoog_0240.png"; bbox 0 0 3268 5146; ppageno 0'>
   <div class='ocr_carea' id='block_1_1' title="bbox 650 355 1308 424">
    <p class='ocr_par' dir='ltr' id='par_1_1' title="bbox 650 355 1308 424">
     <span class='ocr_line' id='line_1_1' title="bbox 650 355 1308 424; baseline 0 -2"><span class='ocrx_word' id='word_1_1' title='bbox 650 355 739 422; x_wconf 81' lang='lat' dir='ltr'><strong>LIB.</strong></span> <span class='ocrx_word' id='word_1_2' title='bbox 756 355 804 422; x_wconf 93' lang='lat' dir='ltr'>II.</span> <span class='ocrx_word' id='word_1_3' title='bbox 821 359 871 424; x_wconf 85' lang='lat'>26.</span> <span class='ocrx_word' id='word_1_4' title='bbox 1245 359 1308 422; x_wconf 74' lang='lat'>211</span> 
     </span>
    </p>
   </div>
   <div class='ocr_carea' id='block_1_2' title="bbox 198 519 1312 4312">
    <p class='ocr_par' dir='ltr' id='par_1_2' title="bbox 198 519 1312 1538">
     <span class='ocr_line' id='line_1_2' title="bbox 199 519 1310 614; baseline 0.002 -22"><span class='ocrx_word' id='word_1_5' title='bbox 199 543 312 613; x_wconf 81' lang='lat' dir='ltr'>quam</span> <span class='ocrx_word' id='word_1_6' title='bbox 338 543 416 614; x_wconf 78' lang='lat' dir='ltr'>quaa</span> <span class='ocrx_word' id='word_1_7' title='bbox 442 519 699 614; x_wconf 73' lang='lat' dir='ltr'>prmtmoiant.</span> <span class='ocrx_word' id='word_1_8' title='bbox 751 519 881 613; x_wconf 82' lang='lat' dir='ltr'>Itaque</span> <span class='ocrx_word' id='word_1_9' title='bbox 912 520 941 590; x_wconf 85' lang='lat' dir='ltr'>si</span> <span class='ocrx_word' id='word_1_10' title='bbox 967 520 1140 613; x_wconf 86' lang='lat' dir='ltr'>scriptum</span> <span class='ocrx_word' id='word_1_11' title='bbox 1165 519 1310 614; x_wconf 79' lang='lat' dir='ltr'>aliquod</span> 
     </span>
     <span class='ocr_line' id='line_1_3' title="bbox 204 634 1308 732; baseline 0 -24"><span class='ocrx_word' id='word_1_12' title='bbox 204 637 312 708; x_wconf 79' lang='lat' dir='ltr'>vicies</span> <span class='ocrx_word' id='word_1_13' title='bbox 328 637 530 732; x_wconf 84' lang='lat' dir='ltr'>perlegeris,</span> <span class='ocrx_word' id='word_1_14' title='bbox 548 659 622 708; x_wconf 92' lang='lat' dir='ltr'>non</span> <span class='ocrx_word' id='word_1_15' title='bbox 638 645 714 708; x_wconf 83' lang='lat' dir='ltr'>tam</span> <span class='ocrx_word' id='word_1_16' title='bbox 731 635 837 708; x_wconf 84' lang='lat' dir='ltr'>facilc</span> <span class='ocrx_word' id='word_1_17' title='bbox 853 634 944 708; x_wconf 86' lang='lat' dir='ltr'>iilud</span> <span class='ocrx_word' id='word_1_18' title='bbox 960 639 1169 708; x_wconf 77' lang='lat' dir='ltr'>memoriter</span> <span class='ocrx_word' id='word_1_19' title='bbox 1184 639 1308 723; x_wconf 87' lang='lat' dir='ltr'>discas,</span> 
     </span>
     <span class='ocr_line' id='line_1_4' title="bbox 198 751 1311 847; baseline 0.002 -23"><span class='ocrx_word' id='word_1_20' title='bbox 198 775 310 844; x_wconf 80' lang='lat' dir='ltr'>qnam</span> <span class='ocrx_word' id='word_1_21' title='bbox 326 754 357 824; x_wconf 84' lang='lat' dir='ltr'>si</span> <span class='ocrx_word' id='word_1_22' title='bbox 373 752 463 824; x_wconf 87' lang='lat' dir='ltr'>illud</span> <span class='ocrx_word' id='word_1_23' title='bbox 484 753 582 847; x_wconf 79' lang='lat' dir='ltr'>loges</span> <span class='ocrx_word' id='word_1_24' title='bbox 605 752 735 838; x_wconf 89' lang='lat' dir='ltr'>decies,</span> <span class='ocrx_word' id='word_1_25' title='bbox 753 751 928 824; x_wconf 85' lang='lat' dir='ltr'>tentando</span> <span class='ocrx_word' id='word_1_26' title='bbox 949 753 1094 824; x_wconf 84' lang='lat' dir='ltr'>interim</span> <span class='ocrx_word' id='word_1_27' title='bbox 1116 752 1207 824; x_wconf 86' lang='lat' dir='ltr'>iliud</span> <span class='ocrx_word' id='word_1_28' title='bbox 1223 755 1311 827; x_wconf 66' lang='lat' dir='ltr'>reta·—</span> 
     </span>
     <span class='ocr_line' id='line_1_5' title="bbox 202 867 1311 960; baseline 0.001 -20"><span class='ocrx_word' id='word_1_29' title='bbox 202 877 290 952; x_wconf 82' lang='lat' dir='ltr'>tare,</span> <span class='ocrx_word' id='word_1_30' title='bbox 313 876 353 941; x_wconf 90' lang='lat' dir='ltr'>et</span> <span class='ocrx_word' id='word_1_31' title='bbox 377 868 438 940; x_wconf 86' lang='lat' dir='ltr'>ubi</span> <span class='ocrx_word' id='word_1_32' title='bbox 467 867 589 940; x_wconf 88' lang='lat' dir='ltr'>deficit</span> <span class='ocrx_word' id='word_1_33' title='bbox 614 868 795 951; x_wconf 84' lang='lat' dir='ltr'>memoria,</span> <span class='ocrx_word' id='word_1_34' title='bbox 814 867 1034 960; x_wconf 84' lang='lat' dir='ltr'>inspiciendo</span> <span class='ocrx_word' id='word_1_35' title='bbox 1056 867 1198 941; x_wconf 87' lang='lat' dir='ltr'>librum.</span> <span class='ocrx_word' id='word_1_36' title='bbox 1251 868 1311 942; x_wconf 83' lang='lat' dir='ltr'>Ita</span> 
     </span>
     <span class='ocr_line' id='line_1_6' title="bbox 200 983 1311 1079; baseline 0.004 -25"><span class='ocrx_word' id='word_1_37' title='bbox 200 993 245 1054; x_wconf 87' lang='lat' dir='ltr'>ut</span> <span class='ocrx_word' id='word_1_38' title='bbox 269 985 342 1056; x_wconf 85' lang='lat' dir='ltr'>sint</span> <span class='ocrx_word' id='word_1_39' title='bbox 366 983 479 1056; x_wconf 83' lang='lat' dir='ltr'>veluti</span> <span class='ocrx_word' id='word_1_40' title='bbox 505 1007 571 1056; x_wconf 81' lang='lat' dir='ltr'>sex</span> <span class='ocrx_word' id='word_1_41' title='bbox 591 985 717 1056; x_wconf 85' lang='lat' dir='ltr'>formae</span> <span class='ocrx_word' id='word_1_42' title='bbox 738 985 893 1056; x_wconf 86' lang='lat' dir='ltr'>minores</span> <span class='ocrx_word' id='word_1_43' title='bbox 917 1005 1053 1070; x_wconf 86' lang='lat' dir='ltr'>eorum,</span> <span class='ocrx_word' id='word_1_44' title='bbox 1078 1009 1159 1079; x_wconf 78' lang='lat' dir='ltr'>quae</span> <span class='ocrx_word' id='word_1_45' title='bbox 1177 987 1311 1079; x_wconf 82' lang='lat' dir='ltr'>jurant</span> 
     </span>
     <span class='ocr_line' id='line_1_7' title="bbox 200 1097 1312 1185; baseline 0.005 -15"><span class='ocrx_word' id='word_1_46' title='bbox 200 1101 435 1184; x_wconf 69' lang='lat' dir='ltr'>memoriam</span> <span class='ocrx_word' id='word_1_47' title='bbox 461 1101 639 1184; x_wconf 84' lang='lat' dir='ltr'>videlicet,</span> <span class='ocrx_word' id='word_1_48' title='bbox 655 1097 823 1172; x_wconf 70' lang='lat' dir='ltr'>abscissio</span> <span class='ocrx_word' id='word_1_49' title='bbox 840 1100 992 1185; x_wconf 75' lang='lat' dir='ltr'>infiniti,</span> <span class='ocrx_word' id='word_1_50' title='bbox 1017 1101 1186 1174; x_wconf 87' lang='lat' dir='ltr'>deductio</span> <span class='ocrx_word' id='word_1_51' title='bbox 1204 1103 1312 1176; x_wconf 85' lang='lat' dir='ltr'>intel·</span> 
     </span>
     <span class='ocr_line' id='line_1_8' title="bbox 202 1214 1311 1309; baseline 0.004 -23"><span class='ocrx_word' id='word_1_52' title='bbox 202 1214 364 1288; x_wconf 85' lang='lat' dir='ltr'>lectualia</span> <span class='ocrx_word' id='word_1_53' title='bbox 389 1215 436 1287; x_wconf 87' lang='lat' dir='ltr'>od</span> <span class='ocrx_word' id='word_1_54' title='bbox 460 1217 648 1303; x_wconf 83' lang='lat' dir='ltr'>sensibile3</span> <span class='ocrx_word' id='word_1_55' title='bbox 678 1217 863 1309; x_wconf 80' lang='lat' dir='ltr'>impressio</span> <span class='ocrx_word' id='word_1_56' title='bbox 888 1217 926 1286; x_wconf 91' lang='lat' dir='ltr'>iu</span> <span class='ocrx_word' id='word_1_57' title='bbox 950 1216 1083 1290; x_wconf 80' lang='lat' dir='ltr'>affectu</span> <span class='ocrx_word' id='word_1_58' title='bbox 1107 1218 1214 1302; x_wconf 84' lang='lat' dir='ltr'>forti;</span> <span class='ocrx_word' id='word_1_59' title='bbox 1243 1221 1311 1290; x_wconf 90' lang='lat' dir='ltr'>im·</span> 
     </span>
     <span class='ocr_line' id='line_1_9' title="bbox 202 1331 1311 1429; baseline 0.005 -28"><span class='ocrx_word' id='word_1_60' title='bbox 202 1331 335 1424; x_wconf 83' lang='lat' dir='ltr'>pressio</span> <span class='ocrx_word' id='word_1_61' title='bbox 366 1332 406 1402; x_wconf 91' lang='lat' dir='ltr'>in</span> <span class='ocrx_word' id='word_1_62' title='bbox 438 1341 563 1405; x_wconf 81' lang='lat' dir='ltr'>mente</span> <span class='ocrx_word' id='word_1_63' title='bbox 596 1353 713 1426; x_wconf 86' lang='lat' dir='ltr'>pura;</span> <span class='ocrx_word' id='word_1_64' title='bbox 756 1332 952 1404; x_wconf 77' lang='lat' dir='ltr'>mirltitudo</span> <span class='ocrx_word' id='word_1_65' title='bbox 985 1353 1180 1417; x_wconf 72' lang='lat' dir='ltr'>ansarum</span> <span class='ocrx_word' id='word_1_66' title='bbox 1221 1357 1311 1429; x_wconf 77' lang='lat' dir='ltr'>pre·</span> 
     </span>
     <span class='ocr_line' id='line_1_10' title="bbox 203 1447 436 1538; baseline -0.004 -20"><span class='ocrx_word' id='word_1_67' title='bbox 203 1447 436 1538; x_wconf 85' lang='lat' dir='ltr'>exspectatio.</span> 
     </span>
    </p>

    <p class='ocr_par' dir='ltr' id='par_1_3' title="bbox 198 1561 1311 4312">
     <span class='ocr_line' id='line_1_11' title="bbox 252 1561 1310 1660; baseline 0.005 -26"><span class='ocrx_word' id='word_1_68' title='bbox 252 1561 437 1646; x_wconf 82' lang='lat' dir='ltr'>Similiter,</span> <span class='ocrx_word' id='word_1_69' title='bbox 458 1561 614 1656; x_wconf 82' lang='lat' dir='ltr'>exempli</span> <span class='ocrx_word' id='word_1_70' title='bbox 638 1564 773 1657; x_wconf 59' lang='lat' dir='ltr'>gratim</span> <span class='ocrx_word' id='word_1_71' title='bbox 801 1562 849 1634; x_wconf 89' lang='lat' dir='ltr'>sit</span> <span class='ocrx_word' id='word_1_72' title='bbox 873 1571 1001 1636; x_wconf 84' lang='lat' dir='ltr'>natura</span> <span class='ocrx_word' id='word_1_73' title='bbox 1025 1565 1204 1656; x_wconf 76' lang='lat' dir='ltr'>inquisito,</span> <span class='ocrx_word' id='word_1_74' title='bbox 1226 1589 1310 1660; x_wconf 79' lang='lat' dir='ltr'>gus-</span> 
     </span>
     <span class='ocr_line' id='line_1_12' title="bbox 203 1673 1311 1772; baseline 0.005 -23"><span class='ocrx_word' id='word_1_75' title='bbox 203 1687 271 1762; x_wconf 68' lang='lat' dir='ltr'>tus</span> <span class='ocrx_word' id='word_1_76' title='bbox 288 1678 364 1750; x_wconf 84' lang='lat' dir='ltr'>sivo</span> <span class='ocrx_word' id='word_1_77' title='bbox 380 1680 549 1772; x_wconf 72' lang='lat' dir='ltr'>gustatio.</span> <span class='ocrx_word' id='word_1_78' title='bbox 596 1673 793 1763; x_wconf 67' lang='lat' dir='ltr'>Iactantia,</span> <span class='ocrx_word' id='word_1_79' title='bbox 810 1701 888 1772; x_wconf 82' lang='lat' dir='ltr'>quae</span> <span class='ocrx_word' id='word_1_80' title='bbox 902 1688 1110 1772; x_wconf 82' lang='lat' dir='ltr'>sequuntur,</span> <span class='ocrx_word' id='word_1_81' title='bbox 1127 1690 1213 1752; x_wconf 89' lang='lat' dir='ltr'>sunt</span> <span class='ocrx_word' id='word_1_82' title='bbox 1227 1703 1311 1754; x_wconf 85' lang='lat' dir='ltr'>con·</span> 
     </span>
     <span class='ocr_line' id='line_1_13' title="bbox 203 1794 1310 1888; baseline 0.002 -21"><span class='ocrx_word' id='word_1_83' title='bbox 203 1794 391 1868; x_wconf 59' lang='lat' dir='ltr'>cadmiam:</span> <span class='ocrx_word' id='word_1_84' title='bbox 418 1794 596 1877; x_wconf 73' lang='lat' dir='ltr'>videlicet,</span> <span class='ocrx_word' id='word_1_85' title='bbox 614 1795 710 1888; x_wconf 94' lang='lat' dir='ltr'>quod</span> <span class='ocrx_word' id='word_1_86' title='bbox 734 1796 795 1887; x_wconf 91' lang='lat' dir='ltr'>qui</span> <span class='ocrx_word' id='word_1_87' title='bbox 818 1817 891 1868; x_wconf 89' lang='lat' dir='ltr'>non</span> <span class='ocrx_word' id='word_1_88' title='bbox 912 1795 1096 1881; x_wconf 80' lang='lat' dir='ltr'>olfaciunt,</span> <span class='ocrx_word' id='word_1_89' title='bbox 1114 1798 1179 1870; x_wconf 85' lang='lat' dir='ltr'>ssd</span> <span class='ocrx_word' id='word_1_90' title='bbox 1201 1819 1310 1871; x_wconf 84' lang='lat' dir='ltr'>sensu</span> 
     </span>
     <span class='ocr_line' id='line_1_14' title="bbox 200 1911 1309 2008; baseline 0.002 -24"><span class='ocrx_word' id='word_1_91' title='bbox 200 1933 247 1984; x_wconf 85' lang='lat' dir='ltr'>co</span> <span class='ocrx_word' id='word_1_92' title='bbox 271 1935 294 1982; x_wconf 84' lang='lat' dir='ltr'>a</span> <span class='ocrx_word' id='word_1_93' title='bbox 315 1923 444 1984; x_wconf 85' lang='lat' dir='ltr'>natura</span> <span class='ocrx_word' id='word_1_94' title='bbox 469 1911 633 1984; x_wconf 87' lang='lat' dir='ltr'>destituti</span> <span class='ocrx_word' id='word_1_95' title='bbox 659 1920 754 1996; x_wconf 83' lang='lat' dir='ltr'>sunt,</span> <span class='ocrx_word' id='word_1_96' title='bbox 780 1933 853 1983; x_wconf 94' lang='lat' dir='ltr'>non</span> <span class='ocrx_word' id='word_1_97' title='bbox 876 1912 1084 2006; x_wconf 79' lang='lat' dir='ltr'>percipient,</span> <span class='ocrx_word' id='word_1_98' title='bbox 1109 1921 1174 1985; x_wconf 89' lang='lat' dir='ltr'>aut</span> <span class='ocrx_word' id='word_1_99' title='bbox 1198 1923 1309 2008; x_wconf 83' lang='lat' dir='ltr'>gustu</span> 
     </span>
     <span class='ocr_line' id='line_1_15' title="bbox 200 2027 1308 2123; baseline 0.005 -25"><span class='ocrx_word' id='word_1_100' title='bbox 200 2027 425 2123; x_wconf 80' lang='lat' dir='ltr'>distingrrant</span> <span class='ocrx_word' id='word_1_101' title='bbox 457 2027 577 2100; x_wconf 89' lang='lat' dir='ltr'>cibum</span> <span class='ocrx_word' id='word_1_102' title='bbox 612 2028 809 2114; x_wconf 82' lang='lat' dir='ltr'>rancidum,</span> <span class='ocrx_word' id='word_1_103' title='bbox 841 2037 906 2100; x_wconf 83' lang='lat' dir='ltr'>aut</span> <span class='ocrx_word' id='word_1_104' title='bbox 938 2027 1147 2121; x_wconf 72' lang='lat' dir='ltr'>putridum</span> <span class='ocrx_word' id='word_1_105' title='bbox 1189 2052 1308 2123; x_wconf 88' lang='lat' dir='ltr'>neque</span> 
     </span>
     <span class='ocr_line' id='line_1_16' title="bbox 203 2142 1310 2238; baseline 0.003 -24"><span class='ocrx_word' id='word_1_106' title='bbox 203 2143 369 2215; x_wconf 88' lang='lat' dir='ltr'>similiter</span> <span class='ocrx_word' id='word_1_107' title='bbox 392 2143 566 2228; x_wconf 82' lang='lat' dir='ltr'>afflatum,</span> <span class='ocrx_word' id='word_1_108' title='bbox 583 2153 647 2216; x_wconf 88' lang='lat' dir='ltr'>aut</span> <span class='ocrx_word' id='word_1_109' title='bbox 671 2153 841 2228; x_wconf 76' lang='lat' dir='ltr'>rosatum,</span> <span class='ocrx_word' id='word_1_110' title='bbox 860 2152 925 2215; x_wconf 87' lang='lat' dir='ltr'>aut</span> <span class='ocrx_word' id='word_1_111' title='bbox 949 2142 1162 2238; x_wconf 83' lang='lat' dir='ltr'>hujusmodi.</span> <span class='ocrx_word' id='word_1_112' title='bbox 1215 2143 1310 2217; x_wconf 86' lang='lat' dir='ltr'>Rur-</span> 
     </span>
     <span class='ocr_line' id='line_1_17' title="bbox 202 2260 1309 2356; baseline 0.002 -24"><span class='ocrx_word' id='word_1_113' title='bbox 202 2283 272 2346; x_wconf 82' lang='lat' dir='ltr'>sus,</span> <span class='ocrx_word' id='word_1_114' title='bbox 289 2260 353 2344; x_wconf 91' lang='lat' dir='ltr'>illi,</span> <span class='ocrx_word' id='word_1_115' title='bbox 371 2263 432 2355; x_wconf 93' lang='lat' dir='ltr'>qui</span> <span class='ocrx_word' id='word_1_116' title='bbox 456 2285 521 2355; x_wconf 89' lang='lat' dir='ltr'>per</span> <span class='ocrx_word' id='word_1_117' title='bbox 541 2262 705 2334; x_wconf 87' lang='lat' dir='ltr'>accidens</span> <span class='ocrx_word' id='word_1_118' title='bbox 732 2284 834 2334; x_wconf 88' lang='lat' dir='ltr'>nares</span> <span class='ocrx_word' id='word_1_119' title='bbox 857 2261 992 2333; x_wconf 86' lang='lat' dir='ltr'>habent</span> <span class='ocrx_word' id='word_1_120' title='bbox 1011 2285 1076 2356; x_wconf 88' lang='lat' dir='ltr'>per</span> <span class='ocrx_word' id='word_1_121' title='bbox 1097 2262 1309 2335; x_wconf 86' lang='lat' dir='ltr'>descensum</span> 
     </span>
     <span class='ocr_line' id='line_1_18' title="bbox 202 2377 1309 2472; baseline 0.003 -25"><span class='ocrx_word' id='word_1_122' title='bbox 202 2377 397 2449; x_wconf 77' lang='lat' dir='ltr'>rheumatis</span> <span class='ocrx_word' id='word_1_123' title='bbox 427 2378 636 2462; x_wconf 82' lang='lat' dir='ltr'>obstructas,</span> <span class='ocrx_word' id='word_1_124' title='bbox 667 2399 738 2449; x_wconf 90' lang='lat' dir='ltr'>uon</span> <span class='ocrx_word' id='word_1_125' title='bbox 773 2377 980 2450; x_wconf 87' lang='lat' dir='ltr'>discernunt</span> <span class='ocrx_word' id='word_1_126' title='bbox 1009 2385 1073 2448; x_wconf 89' lang='lat' dir='ltr'>aut</span> <span class='ocrx_word' id='word_1_127' title='bbox 1107 2379 1309 2472; x_wconf 88' lang='lat' dir='ltr'>percipiunt</span> 
     </span>
     <span class='ocr_line' id='line_1_19' title="bbox 202 2489 1309 2586; baseline 0.002 -23"><span class='ocrx_word' id='word_1_128' title='bbox 202 2489 337 2585; x_wconf 86' lang='lat' dir='ltr'>aliquid</span> <span class='ocrx_word' id='word_1_129' title='bbox 362 2493 555 2586; x_wconf 88' lang='lat' dir='ltr'>putridum,</span> <span class='ocrx_word' id='word_1_130' title='bbox 576 2499 640 2563; x_wconf 88' lang='lat' dir='ltr'>aut</span> <span class='ocrx_word' id='word_1_131' title='bbox 664 2493 859 2579; x_wconf 87' lang='lat' dir='ltr'>rancidum,</span> <span class='ocrx_word' id='word_1_132' title='bbox 884 2503 946 2565; x_wconf 89' lang='lat' dir='ltr'>aut</span> <span class='ocrx_word' id='word_1_133' title='bbox 972 2517 1064 2586; x_wconf 86' lang='lat' dir='ltr'>aqua</span> <span class='ocrx_word' id='word_1_134' title='bbox 1089 2515 1231 2566; x_wconf 85' lang='lat' dir='ltr'>rosaceo</span> <span class='ocrx_word' id='word_1_135' title='bbox 1254 2494 1309 2565; x_wconf 91' lang='lat' dir='ltr'>in-</span> 
     </span>
     <span class='ocr_line' id='line_1_20' title="bbox 202 2607 1307 2703; baseline 0.001 -23"><span class='ocrx_word' id='word_1_136' title='bbox 202 2629 372 2702; x_wconf 89' lang='lat' dir='ltr'>spersum.</span> <span class='ocrx_word' id='word_1_137' title='bbox 424 2608 569 2693; x_wconf 85' lang='lat' dir='ltr'>Rursus,</span> <span class='ocrx_word' id='word_1_138' title='bbox 588 2609 649 2702; x_wconf 91' lang='lat' dir='ltr'>qui</span> <span class='ocrx_word' id='word_1_139' title='bbox 667 2607 870 2681; x_wconf 85' lang='lat' dir='ltr'>officiuntur</span> <span class='ocrx_word' id='word_1_140' title='bbox 884 2609 1089 2703; x_wconf 89' lang='lat' dir='ltr'>hujusmodi</span> <span class='ocrx_word' id='word_1_141' title='bbox 1108 2610 1307 2694; x_wconf 84' lang='lat' dir='ltr'>rheumate,</span> 
     </span>
     <span class='ocr_line' id='line_1_21' title="bbox 202 2723 1309 2820; baseline 0.001 -23"><span class='ocrx_word' id='word_1_142' title='bbox 202 2725 232 2797; x_wconf 92' lang='lat' dir='ltr'>si</span> <span class='ocrx_word' id='word_1_143' title='bbox 257 2725 295 2796; x_wconf 89' lang='lat' dir='ltr'>in</span> <span class='ocrx_word' id='word_1_144' title='bbox 320 2727 397 2819; x_wconf 87' lang='lat' dir='ltr'>ipso</span> <span class='ocrx_word' id='word_1_145' title='bbox 422 2731 723 2807; x_wconf 68' lang='lat' dir='ltr'>momentorum</span> <span class='ocrx_word' id='word_1_146' title='bbox 746 2723 880 2820; x_wconf 87' lang='lat' dir='ltr'>aliquid</span> <span class='ocrx_word' id='word_1_147' title='bbox 907 2726 1072 2798; x_wconf 84' lang='lat' dir='ltr'>foetidum</span> <span class='ocrx_word' id='word_1_148' title='bbox 1094 2735 1159 2798; x_wconf 89' lang='lat' dir='ltr'>aut</span> <span class='ocrx_word' id='word_1_149' title='bbox 1184 2725 1309 2798; x_wconf 85' lang='lat' dir='ltr'>odora·</span> 
     </span>
     <span class='ocr_line' id='line_1_22' title="bbox 200 2841 1308 2938; baseline 0.002 -26"><span class='ocrx_word' id='word_1_150' title='bbox 200 2850 281 2912; x_wconf 88' lang='lat' dir='ltr'>tum</span> <span class='ocrx_word' id='word_1_151' title='bbox 307 2841 440 2914; x_wconf 88' lang='lat' dir='ltr'>habent</span> <span class='ocrx_word' id='word_1_152' title='bbox 462 2843 500 2913; x_wconf 92' lang='lat' dir='ltr'>iu</span> <span class='ocrx_word' id='word_1_153' title='bbox 523 2865 594 2927; x_wconf 88' lang='lat' dir='ltr'>oro,</span> <span class='ocrx_word' id='word_1_154' title='bbox 616 2844 692 2914; x_wconf 85' lang='lat' dir='ltr'>sive</span> <span class='ocrx_word' id='word_1_155' title='bbox 714 2841 842 2936; x_wconf 88' lang='lat' dir='ltr'>palato,</span> <span class='ocrx_word' id='word_1_156' title='bbox 860 2855 1057 2938; x_wconf 83' lang='lat' dir='ltr'>emungant</span> <span class='ocrx_word' id='word_1_157' title='bbox 1081 2843 1244 2927; x_wconf 80' lang='lat' dir='ltr'>fortiter3</span> <span class='ocrx_word' id='word_1_158' title='bbox 1269 2844 1308 2914; x_wconf 89' lang='lat' dir='ltr'>in</span> 
     </span>
     <span class='ocr_line' id='line_1_23' title="bbox 202 2956 1309 3054; baseline 0.002 -25"><span class='ocrx_word' id='word_1_159' title='bbox 202 2957 279 3053; x_wconf 83' lang='lat' dir='ltr'>ipso</span> <span class='ocrx_word' id='word_1_160' title='bbox 302 2959 449 3031; x_wconf 89' lang='lat' dir='ltr'>instanti</span> <span class='ocrx_word' id='word_1_161' title='bbox 475 2957 700 3031; x_wconf 83' lang='lat' dir='ltr'>manifestam</span> <span class='ocrx_word' id='word_1_162' title='bbox 726 2961 990 3054; x_wconf 83' lang='lat' dir='ltr'>perceptionem</span> <span class='ocrx_word' id='word_1_163' title='bbox 1013 2960 1149 3031; x_wconf 85' lang='lat' dir='ltr'>habeut</span> <span class='ocrx_word' id='word_1_164' title='bbox 1173 2956 1309 3031; x_wconf 82' lang='lat' dir='ltr'>rancidi</span> 
     </span>
     <span class='ocr_line' id='line_1_24' title="bbox 202 3073 1308 3161; baseline 0.001 -15"><span class='ocrx_word' id='word_1_165' title='bbox 202 3075 261 3148; x_wconf 84' lang='lat' dir='ltr'>vel</span> <span class='ocrx_word' id='word_1_166' title='bbox 277 3074 426 3148; x_wconf 90' lang='lat' dir='ltr'>odorati.</span> <span class='ocrx_word' id='word_1_167' title='bbox 469 3073 558 3161; x_wconf 85' lang='lat' dir='ltr'>Quae</span> <span class='ocrx_word' id='word_1_168' title='bbox 575 3076 752 3147; x_wconf 84' lang='lat' dir='ltr'>instantiae</span> <span class='ocrx_word' id='word_1_169' title='bbox 769 3075 906 3147; x_wconf 85' lang='lat' dir='ltr'>dobunt</span> <span class='ocrx_word' id='word_1_170' title='bbox 923 3084 960 3147; x_wconf 90' lang='lat' dir='ltr'>ct</span> <span class='ocrx_word' id='word_1_171' title='bbox 977 3076 1199 3147; x_wconf 87' lang='lat' dir='ltr'>constituent</span> <span class='ocrx_word' id='word_1_172' title='bbox 1215 3073 1308 3147; x_wconf 86' lang='lat' dir='ltr'>hauc</span> 
     </span>
     <span class='ocr_line' id='line_1_25' title="bbox 202 3191 1310 3287; baseline 0 -23"><span class='ocrx_word' id='word_1_173' title='bbox 202 3193 368 3287; x_wconf 86' lang='lat' dir='ltr'>speciem,</span> <span class='ocrx_word' id='word_1_174' title='bbox 386 3191 443 3264; x_wconf 85' lang='lat' dir='ltr'>rel</span> <span class='ocrx_word' id='word_1_175' title='bbox 466 3201 604 3286; x_wconf 86' lang='lat' dir='ltr'>partem</span> <span class='ocrx_word' id='word_1_176' title='bbox 622 3193 741 3286; x_wconf 87' lang='lat' dir='ltr'>potius</span> <span class='ocrx_word' id='word_1_177' title='bbox 758 3201 907 3287; x_wconf 77' lang='lat' dir='ltr'>gustus3</span> <span class='ocrx_word' id='word_1_178' title='bbox 934 3203 977 3262; x_wconf 92' lang='lat' dir='ltr'>ut</span> <span class='ocrx_word' id='word_1_179' title='bbox 993 3211 1115 3265; x_wconf 88' lang='lat' dir='ltr'>sensus</span> <span class='ocrx_word' id='word_1_180' title='bbox 1135 3192 1310 3287; x_wconf 80' lang='lat' dir='ltr'>gustatio-</span> 
     </span>
     <span class='ocr_line' id='line_1_26' title="bbox 202 3308 1307 3403; baseline -0.001 -23"><span class='ocrx_word' id='word_1_181' title='bbox 202 3310 258 3380; x_wconf 90' lang='lat' dir='ltr'>nis</span> <span class='ocrx_word' id='word_1_182' title='bbox 286 3332 333 3381; x_wconf 84' lang='lat' dir='ltr'>ex</span> <span class='ocrx_word' id='word_1_183' title='bbox 361 3317 463 3403; x_wconf 88' lang='lat' dir='ltr'>parte</span> <span class='ocrx_word' id='word_1_184' title='bbox 492 3308 583 3380; x_wconf 89' lang='lat' dir='ltr'>nihil</span> <span class='ocrx_word' id='word_1_185' title='bbox 613 3308 710 3380; x_wconf 88' lang='lat' dir='ltr'>aliud</span> <span class='ocrx_word' id='word_1_186' title='bbox 741 3311 797 3393; x_wconf 83' lang='lat' dir='ltr'>sit,</span> <span class='ocrx_word' id='word_1_187' title='bbox 828 3330 936 3401; x_wconf 90' lang='lat' dir='ltr'>quam</span> <span class='ocrx_word' id='word_1_188' title='bbox 966 3308 1118 3380; x_wconf 83' lang='lat' dir='ltr'>olfactus</span> <span class='ocrx_word' id='word_1_189' title='bbox 1148 3309 1307 3394; x_wconf 88' lang='lat' dir='ltr'>interior,</span> 
     </span>
     <span class='ocr_line' id='line_1_27' title="bbox 202 3425 1309 3519; baseline 0 -21"><span class='ocrx_word' id='word_1_190' title='bbox 202 3426 376 3498; x_wconf 71' lang='lat' dir='ltr'>musicus</span> <span class='ocrx_word' id='word_1_191' title='bbox 393 3433 431 3498; x_wconf 89' lang='lat' dir='ltr'>et</span> <span class='ocrx_word' id='word_1_192' title='bbox 448 3425 667 3498; x_wconf 88' lang='lat' dir='ltr'>descendens</span> <span class='ocrx_word' id='word_1_193' title='bbox 682 3449 706 3497; x_wconf 87' lang='lat' dir='ltr'>a</span> <span class='ocrx_word' id='word_1_194' title='bbox 723 3426 860 3498; x_wconf 89' lang='lat' dir='ltr'>narium</span> <span class='ocrx_word' id='word_1_195' title='bbox 874 3425 1052 3496; x_wconf 87' lang='lat' dir='ltr'>meatibus</span> <span class='ocrx_word' id='word_1_196' title='bbox 1069 3425 1309 3519; x_wconf 84' lang='lat' dir='ltr'>superioribus</span> 
     </span>
     <span class='ocr_line' id='line_1_28' title="bbox 199 3539 1308 3636; baseline 0 -24"><span class='ocrx_word' id='word_1_197' title='bbox 199 3542 240 3613; x_wconf 91' lang='lat' dir='ltr'>in</span> <span class='ocrx_word' id='word_1_198' title='bbox 257 3563 296 3614; x_wconf 91' lang='lat' dir='ltr'>os</span> <span class='ocrx_word' id='word_1_199' title='bbox 313 3551 351 3614; x_wconf 89' lang='lat' dir='ltr'>ct</span> <span class='ocrx_word' id='word_1_200' title='bbox 368 3541 538 3636; x_wconf 84' lang='lat' dir='ltr'>palatum.</span> <span class='ocrx_word' id='word_1_201' title='bbox 583 3541 638 3612; x_wconf 89' lang='lat' dir='ltr'>At</span> <span class='ocrx_word' id='word_1_202' title='bbox 655 3551 790 3624; x_wconf 83' lang='lat' dir='ltr'>contra,</span> <span class='ocrx_word' id='word_1_203' title='bbox 807 3541 950 3628; x_wconf 88' lang='lat' dir='ltr'>salsum,</span> <span class='ocrx_word' id='word_1_204' title='bbox 969 3551 1007 3613; x_wconf 87' lang='lat' dir='ltr'>et</span> <span class='ocrx_word' id='word_1_205' title='bbox 1025 3539 1141 3625; x_wconf 84' lang='lat' dir='ltr'>dulce,</span> <span class='ocrx_word' id='word_1_206' title='bbox 1158 3550 1199 3613; x_wconf 85' lang='lat' dir='ltr'>et</span> <span class='ocrx_word' id='word_1_207' title='bbox 1215 3562 1308 3628; x_wconf 85' lang='lat' dir='ltr'>acre,</span> 
     </span>
     <span class='ocr_line' id='line_1_29' title="bbox 201 3657 1309 3744; baseline 0.002 -14"><span class='ocrx_word' id='word_1_208' title='bbox 201 3667 241 3730; x_wconf 89' lang='lat' dir='ltr'>et</span> <span class='ocrx_word' id='word_1_209' title='bbox 265 3657 416 3744; x_wconf 89' lang='lat' dir='ltr'>acidum,</span> <span class='ocrx_word' id='word_1_210' title='bbox 440 3668 479 3731; x_wconf 90' lang='lat' dir='ltr'>et</span> <span class='ocrx_word' id='word_1_211' title='bbox 502 3665 696 3743; x_wconf 87' lang='lat' dir='ltr'>austerum,</span> <span class='ocrx_word' id='word_1_212' title='bbox 722 3668 761 3730; x_wconf 89' lang='lat' dir='ltr'>et</span> <span class='ocrx_word' id='word_1_213' title='bbox 785 3681 956 3743; x_wconf 85' lang='lat' dir='ltr'>amorum,</span> <span class='ocrx_word' id='word_1_214' title='bbox 982 3665 1021 3729; x_wconf 90' lang='lat' dir='ltr'>et</span> <span class='ocrx_word' id='word_1_215' title='bbox 1045 3657 1198 3744; x_wconf 90' lang='lat' dir='ltr'>similia;</span> <span class='ocrx_word' id='word_1_216' title='bbox 1233 3657 1309 3732; x_wconf 86' lang='lat' dir='ltr'>haec</span> 
     </span>
     <span class='ocr_line' id='line_1_30' title="bbox 200 3772 1309 3869; baseline 0.002 -23"><span class='ocrx_word' id='word_1_217' title='bbox 200 3774 379 3869; x_wconf 82' lang='lat' dir='ltr'>(inquom)</span> <span class='ocrx_word' id='word_1_218' title='bbox 397 3776 517 3846; x_wconf 87' lang='lat' dir='ltr'>omnia</span> <span class='ocrx_word' id='word_1_219' title='bbox 540 3797 641 3867; x_wconf 78' lang='lat' dir='ltr'>oequo</span> <span class='ocrx_word' id='word_1_220' title='bbox 667 3775 828 3846; x_wconf 89' lang='lat' dir='ltr'>sentiunt</span> <span class='ocrx_word' id='word_1_221' title='bbox 852 3773 916 3858; x_wconf 89' lang='lat' dir='ltr'>illi,</span> <span class='ocrx_word' id='word_1_222' title='bbox 938 3775 975 3844; x_wconf 92' lang='lat' dir='ltr'>in</span> <span class='ocrx_word' id='word_1_223' title='bbox 997 3772 1127 3866; x_wconf 89' lang='lat' dir='ltr'>quibus</span> <span class='ocrx_word' id='word_1_224' title='bbox 1153 3774 1309 3848; x_wconf 81' lang='lat' dir='ltr'>olfactus</span> 
     </span>
     <span class='ocr_line' id='line_1_31' title="bbox 200 3889 1308 3984; baseline 0.001 -22"><span class='ocrx_word' id='word_1_225' title='bbox 200 3889 311 3976; x_wconf 87' lang='lat' dir='ltr'>deest,</span> <span class='ocrx_word' id='word_1_226' title='bbox 337 3899 401 3964; x_wconf 85' lang='lat' dir='ltr'>aut</span> <span class='ocrx_word' id='word_1_227' title='bbox 426 3891 625 3976; x_wconf 86' lang='lat' dir='ltr'>obturatur,</span> <span class='ocrx_word' id='word_1_228' title='bbox 650 3892 903 3984; x_wconf 76' lang='lat' dir='ltr'>nequisquam</span> <span class='ocrx_word' id='word_1_229' title='bbox 929 3889 1039 3962; x_wconf 86' lang='lat' dir='ltr'>alius:</span> <span class='ocrx_word' id='word_1_230' title='bbox 1071 3899 1113 3960; x_wconf 88' lang='lat' dir='ltr'>ut</span> <span class='ocrx_word' id='word_1_231' title='bbox 1140 3889 1308 3964; x_wconf 82' lang='lat' dir='ltr'>manifes-</span> 
     </span>
     <span class='ocr_line' id='line_1_32' title="bbox 198 4007 1307 4102; baseline 0.001 -24"><span class='ocrx_word' id='word_1_232' title='bbox 198 4017 280 4078; x_wconf 87' lang='lat' dir='ltr'>tum</span> <span class='ocrx_word' id='word_1_233' title='bbox 302 4008 359 4090; x_wconf 88' lang='lat' dir='ltr'>sit,</span> <span class='ocrx_word' id='word_1_234' title='bbox 375 4029 519 4079; x_wconf 86' lang='lat' dir='ltr'>sensum</span> <span class='ocrx_word' id='word_1_235' title='bbox 543 4015 669 4102; x_wconf 81' lang='lat' dir='ltr'>gustus</span> <span class='ocrx_word' id='word_1_236' title='bbox 694 4029 771 4082; x_wconf 86' lang='lat' dir='ltr'>esse</span> <span class='ocrx_word' id='word_1_237' title='bbox 797 4008 1034 4101; x_wconf 89' lang='lat' dir='ltr'>compositum</span> <span class='ocrx_word' id='word_1_238' title='bbox 1059 4007 1232 4099; x_wconf 87' lang='lat' dir='ltr'>quiddam</span> <span class='ocrx_word' id='word_1_239' title='bbox 1258 4029 1307 4079; x_wconf 88' lang='lat' dir='ltr'>ex</span> 
     </span>
     <span class='ocr_line' id='line_1_33' title="bbox 200 4115 1308 4216; baseline -0.002 -22"><span class='ocrx_word' id='word_1_240' title='bbox 200 4119 337 4194; x_wconf 86' lang='lat' dir='ltr'>olfactu</span> <span class='ocrx_word' id='word_1_241' title='bbox 359 4122 528 4205; x_wconf 88' lang='lat' dir='ltr'>interiori,</span> <span class='ocrx_word' id='word_1_242' title='bbox 546 4130 585 4194; x_wconf 90' lang='lat' dir='ltr'>et</span> <span class='ocrx_word' id='word_1_243' title='bbox 608 4129 707 4194; x_wconf 87' lang='lat' dir='ltr'>tactu</span> <span class='ocrx_word' id='word_1_244' title='bbox 729 4120 884 4215; x_wconf 87' lang='lat' dir='ltr'>quodam</span> <span class='ocrx_word' id='word_1_245' title='bbox 906 4115 1138 4216; x_wconf 65' lang='lat' dir='ltr'>exquisitoffl3</span> <span class='ocrx_word' id='word_1_246' title='bbox 1165 4118 1211 4192; x_wconf 89' lang='lat' dir='ltr'>de</span> <span class='ocrx_word' id='word_1_247' title='bbox 1235 4144 1308 4214; x_wconf 93' lang='lat' dir='ltr'>quo</span> 
     </span>
     <span class='ocr_line' id='line_1_34' title="bbox 199 4236 744 4312; baseline 0 -2"><span class='ocrx_word' id='word_1_248' title='bbox 199 4261 296 4312; x_wconf 86' lang='lat' dir='ltr'>nnnc</span> <span class='ocrx_word' id='word_1_249' title='bbox 312 4261 383 4312; x_wconf 92' lang='lat' dir='ltr'>non</span> <span class='ocrx_word' id='word_1_250' title='bbox 402 4247 458 4312; x_wconf 85' lang='lat' dir='ltr'>est</span> <span class='ocrx_word' id='word_1_251' title='bbox 474 4236 617 4311; x_wconf 88' lang='lat' dir='ltr'>dicendi</span> <span class='ocrx_word' id='word_1_252' title='bbox 635 4237 744 4310; x_wconf 92' lang='lat' dir='ltr'>locus.</span> 
     </span>
    </p>
   </div>
   <div class='ocr_carea' id='block_1_3' title="bbox 390 4388 1116 4554">
    <p class='ocr_par' dir='ltr' id='par_1_4' title="bbox 390 4388 1116 4554">
     <span class='ocr_line' id='line_1_35' title="bbox 390 4388 1116 4450; baseline -0.007 -2"><span class='ocrx_word' id='word_1_253' title='bbox 390 4391 416 4433; x_wconf 66' lang='grc' dir='ltr'><strong><em>ω</em></strong></span> <span class='ocrx_word' id='word_1_254' title='bbox 433 4391 480 4448; x_wconf 85' lang='lat' dir='ltr'>All</span> <span class='ocrx_word' id='word_1_255' title='bbox 491 4391 647 4450; x_wconf 68' lang='lat' dir='ltr'>Senonum</span> <span class='ocrx_word' id='word_1_256' title='bbox 660 4409 703 4448; x_wconf 85' lang='lat' dir='ltr'>are</span> <span class='ocrx_word' id='word_1_257' title='bbox 713 4390 850 4448; x_wconf 86' lang='lat' dir='ltr'>rsduoibic</span> <span class='ocrx_word' id='word_1_258' title='bbox 862 4399 890 4446; x_wconf 82' lang='lat' dir='ltr'>to</span> <span class='ocrx_word' id='word_1_259' title='bbox 902 4389 961 4446; x_wconf 85' lang='lat' dir='ltr'>that</span> <span class='ocrx_word' id='word_1_260' title='bbox 972 4389 1003 4445; x_wconf 84' lang='lat' dir='ltr'>oi</span> <span class='ocrx_word' id='word_1_261' title='bbox 1010 4388 1116 4444; x_wconf 84' lang='lat' dir='ltr'>Touch.</span> 
     </span>
     <span class='ocr_line' id='line_1_36' title="bbox 722 4503 783 4554; baseline -0.033 0"><span class='ocrx_word' id='word_1_262' title='bbox 722 4503 743 4554; x_wconf 80' lang='grc' dir='ltr'><strong>Ρ</strong></span> <span class='ocrx_word' id='word_1_263' title='bbox 763 4506 783 4552; x_wconf 81' lang='lat'>2</span> 
     </span>
    </p>
   </div>
   <div class='ocr_carea' id='block_1_4' title="bbox 0 0 1638 5146">
    <p class='ocr_par' dir='ltr' id='par_1_5' title="bbox 0 0 1638 5146">
     <span class='ocr_line' id='line_1_37' title="bbox 0 0 1638 5146; baseline 0 0"><span class='ocrx_word' id='word_1_264' title='bbox 0 0 1638 5146; x_wconf 95' lang='lat' dir='ltr'> </span> 
     </span>
    </p>
   </div>
  </div>
 </body>
</html>
