3268 5146
357 371 424 434 244
686 361 860 429 Novum
882 361 1130 428 ORGANUM.

355 537 429 606 vim
455 531 596 614 faciant,
621 537 660 600 et
686 529 887 601 obscuriora
911 527 1052 616 malint)
1079 526 1190 598 talem
1216 549 1295 599 eme
1320 535 1460 597 motum

355 654 465 724 istum
498 649 544 720 ud
578 667 731 728 sensum,
759 643 901 737 qualem
931 643 1107 715 diximus:
1134 641 1235 735 cujus
1264 642 1460 735 imaginem

356 790 421 860 per
439 764 500 838 fila
516 763 631 835 ferrea
648 759 776 850 (veluti
799 759 836 830 in
859 759 1038 854 machina)
1055 757 1248 852 aliquando
1270 781 1462 851 repmsen·

356 883 424 954 tari
443 881 603 952 fecimus.
1531 869 1537 882 '

407 993 548 1068 Verum
566 991 732 1063 imenso
749 988 862 1062 eruco
878 1011 984 1082 super
1006 989 1074 1060 hoc
1099 989 1302 1082 subjeetum
1328 991 1461 1083 poterit

357 1134 434 1184 esse
451 1109 542 1182 tulis.
593 1107 632 1178 Si
655 1107 858 1178 inveniatur
882 1106 920 1174 in
944 1103 1064 1196 aliquo
1088 1103 1235 1175 historia
1251 1103 1324 1176 lide
1341 1104 1461 1200 digna,

357 1225 466 1298 fuisse
489 1231 668 1295 cometam
689 1220 855 1312 aliquem,
874 1219 929 1289 vel
946 1218 1203 1302 sublimiorem,
1220 1217 1276 1289 vel
1294 1217 1461 1290 humilio-

357 1363 444 1424 rem,
462 1341 523 1434 qui
549 1360 621 1409 non
647 1337 817 1408 rotaverit
841 1359 924 1406 cum
950 1357 1125 1406 consensu
1150 1335 1340 1406 manifesto
1360 1333 1462 1425 (licet

356 1457 549 1530 admodum
573 1450 827 1546 irregulariter)
845 1458 963 1521 motus
988 1449 1117 1532 diurni,
1134 1451 1195 1521 scd
1224 1451 1344 1543 potius
1368 1459 1463 1520 rota·

358 1573 450 1642 verit
466 1570 504 1641 in
522 1567 737 1640 contrarium
755 1564 857 1649 coeli3
882 1573 961 1636 tum
979 1577 1076 1637 certe
1097 1565 1282 1657 hucusque
1297 1565 1463 1657 judicen-

358 1689 446 1757 dum
467 1695 532 1767 est,
548 1705 650 1778 posse
675 1705 752 1754 esse
777 1683 815 1751 in
841 1691 969 1752 natura
992 1679 1148 1772 aliquem
1174 1680 1285 1752 talem
1310 1691 1461 1752 motum.

359 1803 423 1874 Sin
450 1801 539 1874 nihil
564 1799 768 1893 hujusmodi
794 1799 1006 1880 invenietur,
1023 1797 1206 1870 habendus
1223 1807 1279 1869 est
1301 1820 1367 1891 pro
1388 1821 1463 1870 sus-

358 1927 475 2012 pecto,
493 1925 531 1989 et
552 1919 598 1988 ad
621 1915 708 1988 alias
725 1914 910 1986 instantias
927 1914 1040 1986 crucis
1057 1915 1150 1986 circa
1169 1913 1238 1985 hoo
1255 1915 1464 2010 confingien·

359 2037 457 2108 dnm.

402 2153 468 2245 (3.)
487 2149 672 2236 Similiter,
685 2149 732 2220 sit
745 2157 873 2220 nature
883 2148 1060 2242 inquisita
1072 2149 1212 2243 pondus
1223 2150 1300 2221 sive
1311 2145 1463 2242 gravem.

360 2266 504 2339 Bivium
528 2267 622 2338 circa
643 2264 735 2336 hanc
756 2273 922 2335 naturam
942 2263 1016 2335 tale
1038 2273 1104 2336 cst.
1158 2263 1317 2336 Necesse
1339 2275 1405 2348 est,
1422 2273 1465 2335 ut

359 2383 480 2477 gravia
497 2391 535 2453 et
552 2381 750 2474 ponderosa
767 2379 822 2451 vel
841 2379 994 2451 tendant
1012 2403 1058 2450 ex
1076 2388 1203 2450 natura
1226 2403 1290 2451 sua
1312 2381 1358 2451 od
1381 2403 1466 2452 cen·

361 2507 456 2568 trum
487 2507 598 2579 terrm,
628 2517 694 2589 per
721 2495 902 2590 proprium
935 2496 1251 2582 schematismum;
1277 2497 1335 2569 vel
1368 2507 1411 2570 ut
1443 2520 1465 2568 a

360 2636 475 2684 massa
496 2633 663 2704 corporea
688 2611 796 2702 ipsius
822 2620 932 2691 ten-ac,
949 2619 1118 2704 tunquam
1143 2634 1166 2683 a
1190 2615 1465 2708 congregatione

360 2753 547 2824 corporum
572 2727 864 2811 connaturalium,
890 2729 1117 2801 attrahantur
1140 2739 1180 2802 et
1208 2731 1401 2824 rapiantur,
1426 2739 1464 2801 et

360 2849 405 2920 ad
431 2869 511 2919 eam
537 2869 600 2939 per
624 2867 834 2916 consensum
852 2845 1022 2918 ferantur.
1073 2845 1129 2918 At
1145 2848 1321 2940 posterius
1344 2847 1464 2919 hocsi

360 2965 398 3036 in
424 2986 529 3036 causa
553 2963 608 3046 sit,
626 2963 796 3055 sequitur,
815 2972 856 3033 ut
875 2985 946 3055 quo
969 2965 1112 3056 propius
1135 2963 1256 3057 gravia
1277 2964 1465 3057 appropin-

359 3093 473 3176 quant
501 3081 547 3154 ad
577 3091 718 3164 terram,
749 3105 792 3151 eo
822 3081 948 3152 fortius
977 3091 1016 3152 et
1045 3082 1179 3174 majore
1208 3105 1293 3154 cum
1327 3083 1464 3175 impetu

362 3199 523 3271 feruntur
538 3197 583 3268 ad
601 3219 701 3282 eam;
728 3219 799 3288 quo
816 3195 956 3290 longius
978 3197 1024 3266 ab
1047 3219 1091 3268 ea
1112 3197 1240 3280 absint,
1258 3196 1411 3268 debilius
1426 3207 1465 3268 et

362 3315 505 3398 tardius,
524 3319 582 3402 (ut
598 3313 639 3383 lit
662 3312 699 3382 in
724 3313 995 3384 attractionibus
1018 3315 1243 3407 magneticis)
1261 3315 1371 3406 idque
1388 3313 1462 3386 fieri

361 3433 455 3502 intra
481 3431 636 3523 spatium
665 3437 825 3511 certum3
850 3428 940 3500 odeo
966 3438 1007 3498 ut
1032 3431 1061 3499 ai
1087 3428 1255 3524 elongata
1281 3431 1416 3501 fuerint
1443 3452 1464 3500 a

362 3555 457 3616 terra
482 3543 544 3614 tali
575 3543 750 3627 distantia,
778 3553 820 3613 ut
845 3545 956 3614 virtus
986 3553 1089 3614 terrae
1119 3547 1157 3614 in
1187 3568 1230 3616 ca
1257 3569 1364 3640 ogere
1394 3569 1461 3616 non

363 3661 482 3754 possit,
501 3659 648 3752 pensilia
670 3682 836 3732 mansura
858 3662 940 3743 sint,
958 3671 1001 3732 ut
1023 3670 1064 3734 et
1085 3661 1161 3755 ipsa
1184 3671 1288 3746 terra,
1306 3685 1373 3734 nec
1390 3686 1465 3733 om·

364 3778 450 3847 nino
467 3775 645 3847 decasura

414 3889 543 3983 Itaque
573 3890 653 3962 talis
682 3893 775 3964 circa
801 3891 893 3964 bano
921 3915 998 3966 rem
1028 3896 1161 3988 poterit
1192 3917 1268 3968 esse
1299 3894 1463 3966 instantio

401 4147 425 4188 ¹⁸
437 4145 556 4218 Gravity.
593 4146 632 4200 Aa
645 4145 685 4200 lar
698 4165 728 4202 ss
745 4147 788 4202 bis
799 4147 893 4203 know·
933 4147 1032 4216 timim
1051 4149 1105 4206 ancl
1122 4151 1169 4207 tbc
1185 4169 1244 4224 any
1260 4153 1288 4207 in
1308 4152 1396 4208 wbicb
1417 4153 1463 4208 be·

363 4227 440 4298 ledgc
458 4234 537 4288 veut,
557 4223 672 4280 Bacon’s
690 4227 797 4282 notione
816 4245 847 4282 us
865 4237 894 4284 to
935 4227 992 4284 dics
1013 4229 1102 4286 would
1126 4230 1234 4288 beccum
1254 4231 1464 4302 “pensilia’'is

364 4305 468 4378 gravity
490 4321 536 4358 arc
565 4302 646 4374 good.
683 4303 735 4359 His
762 4306 894 4378 langmge
934 4307 1054 4364 cuneus.

365 4386 447 4440 about
466 4381 512 4436 tbc
529 4382 640 4438 “virtus
664 4383 760 4438 torroe”
785 4381 838 4437 and
859 4385 894 4438 ita
