3078 5180
296 311 339 378 τε
628 307 801 373 Novuu
823 283 1077 374 euoenon]

299 474 403 544 turba
428 471 534 567 longe
561 473 719 543 maxime
744 471 833 543 nihil
856 495 903 543 ex
926 472 996 544 hoc
1017 471 1120 564 sapit,
1138 469 1201 542 sed
1225 468 1403 540 meritoris

300 590 407 685 plane
428 600 495 677 est,
513 599 551 663 et
574 592 803 685 professoria3
830 591 897 662 nisi
914 590 1007 662 forte
1024 590 1238 683 quandoque
1255 587 1407 670 eveniat,

301 718 344 779 ut
371 708 501 780 artifex
532 707 659 802 aliquis
688 709 831 780 acrioris
860 707 1004 802 ingenii,
1032 715 1071 778 et
1099 705 1220 800 glorioe
1247 704 1407 797 cupidus,

301 848 395 896 novo
422 823 528 896 alicui
558 826 706 896 invento
733 825 797 895 det
825 847 990 918 oporam;
1026 823 1123 917 quod
1152 822 1229 892 fera
1255 819 1300 890 iit
1327 841 1407 890 cum

302 937 553 1013 facultatumffl
582 941 777 1034 dispendio.
838 939 894 1012 At
922 941 1018 1034 apud
1048 942 1237 1034 plerosque
1268 945 1408 1008 tautum

304 1055 414 1136 abest,
432 1063 474 1125 ut
496 1054 658 1126 homines
682 1055 719 1124 id
745 1054 810 1125 sibi
837 1063 1046 1147 proponant,
1064 1062 1105 1123 ut
1125 1053 1357 1124 scientiarum
1373 1061 1411 1121 ct

304 1173 435 1242 art-ium
465 1191 579 1241 massa
609 1178 843 1264 augmentum
873 1169 1058 1252 obtineat;
1099 1178 1140 1239 ut
1168 1191 1216 1240 ex
1246 1191 1301 1250 ea
1332 1191 1411 1262 qnae

306 1297 434 1382 praesto
462 1296 530 1370 est,
559 1308 673 1358 massa
705 1284 756 1356 nil
790 1283 941 1380 amplius
974 1295 1117 1356 sumant
1148 1295 1213 1355 aut
1243 1293 1413 1378 quaerant,

305 1427 413 1497 quam
432 1412 606 1495 quantum
625 1403 670 1472 ad
690 1424 794 1473 usum
818 1400 1079 1494 professoriam,
1095 1412 1159 1472 eut
1181 1401 1336 1484 lucrum,
1353 1409 1414 1470 aut

306 1519 621 1602 existimationem,
640 1526 704 1589 aut
728 1517 932 1609 hujusmodi
959 1517 1180 1609 compendia,
1204 1525 1413 1588 convertere

308 1635 453 1728 possint.
505 1632 610 1717 Quod
628 1633 657 1704 si
675 1632 754 1724 quis
777 1655 824 1704 ex
847 1640 948 1703 tanta
970 1633 1203 1705 multitudine
1226 1634 1413 1704 scientiam

307 1749 437 1824 affectu
454 1749 609 1842 ingenuo
626 1757 665 1820 et
681 1757 828 1842 propter
839 1771 877 1820 se
890 1757 1055 1843 expetat3
1076 1749 1414 1820 invenieturtamen

308 1867 370 1938 ilie
393 1867 468 1960 ipse
491 1865 610 1958 potius
630 1863 973 1956 contemplationum
990 1875 1030 1937 et
1046 1865 1290 1937 doctrinarum
1308 1866 1417 1938 varie·

309 1991 433 2064 tatem,
460 2001 567 2073 quam
595 1979 755 2048 veritatis
785 1999 944 2050 severam
973 1987 1013 2050 et
1039 1979 1189 2073 rigidam
1217 1981 1418 2073 inquisitio-

310 2121 393 2170 nem
412 2097 522 2189 sequi.
576 2094 722 2178 Rursus,
739 2096 769 2166 si
787 2094 878 2166 alius
895 2097 1069 2189 quispiam
1094 2095 1243 2168 fortasse
1262 2097 1421 2168 veritatis

310 2214 498 2307 inquisitor
525 2213 572 2284 sit
600 2213 773 2294 severior3
809 2219 930 2282 tamen
960 2219 998 2281 et
1024 2208 1086 2282 ille
1113 2212 1188 2304 ipse
1213 2211 1329 2284 talem
1355 2211 1419 2282 sibi

311 2339 486 2424 proponet
518 2329 677 2400 veritatis
711 2325 962 2410 conditionem,
992 2350 1071 2419 quae
1100 2327 1214 2398 menti
1244 2339 1285 2398 et
1316 2327 1421 2400 intel·

312 2447 422 2518 lectui
452 2445 645 2516 satisfaciat
676 2444 713 2512 in
743 2441 945 2514 redditione
974 2465 1160 2514 causarum
1189 2467 1314 2516 rerum
1344 2468 1421 2538 quae

307 2561 523 2654 jampridem
549 2571 633 2631 suut
658 2560 828 2653 cognitae;
856 2580 929 2629 non
952 2581 1042 2643 eam,
1061 2584 1140 2654 quat
1159 2584 1256 2632 nova
1270 2585 1419 2655 operum

314 2678 471 2772 pignora,
489 2686 528 2747 et
543 2697 673 2747 novam
693 2676 914 2746 axiomatum
936 2675 1053 2747 lucem
1075 2687 1296 2770 assequatur.
1351 2679 1421 2749 Ita·

315 2815 395 2886 qne,
414 2793 442 2864 si
467 2791 547 2862 finis
571 2792 797 2863 scientiarum
820 2813 842 2861 a
862 2791 1006 2861 nemine
1029 2789 1145 2862 adhuc
1166 2792 1261 2865 bene
1285 2795 1423 2887 positus

314 2909 370 2992 sit,
388 2931 461 2980 non
482 2909 611 2978 mirum
634 2907 748 2990 estsi
775 2908 812 2978 in
837 2907 890 2989 iis,
908 2928 987 2998 quae
1012 2916 1096 2978 sunt
1120 2908 1356 2981 subordinate
1379 2908 1421 2980 ad

316 3026 435 3109 finem,
452 3034 624 3118 sequatur
638 3024 827 3097 aberratio.

768 3146 972 3219 LXXXII.

368 3249 679 3336 Quemadmodum
713 3257 834 3320 cutem
870 3247 948 3318 finis
981 3256 1020 3318 et
1056 3257 1154 3320 mete
1192 3250 1421 3321 scientiarum

318 3369 411 3440 male
437 3368 554 3461 posita
582 3376 667 3436 suut
695 3366 790 3458 apud
820 3364 1002 3446 homines;
1029 3367 1081 3437 ita
1110 3389 1232 3437 rursus
1258 3367 1421 3439 etiamsi

319 3549 399 3604 home
411 3567 478 3605 were
490 3545 782 3618 filthyandwretched3
797 3547 851 3602 and
891 3546 955 3602 than
984 3547 1128 3617 morenae
1156 3546 1212 3604 and
1241 3549 1423 3622 &gradatim

319 3627 435 3698 nothing
451 3629 474 3682 ie
493 3644 524 3682 so
541 3625 694 3680 iarotuablc
709 3634 737 3679 to
749 3625 807 3680 rice
822 3643 851 3680 as
892 3625 1035 3686 whichare
1047 3627 1113 3681 niter
1124 3628 1159 3682 all
1171 3646 1187 3684 a
1199 3627 1268 3683 kind
1279 3629 1312 3683 od
1323 3627 1424 3684 inunt

320 3703 366 3759 the
384 3705 543 3775 prostration
561 3704 702 3774 springing
716 3703 787 3758 from
798 3703 853 3758 had
894 3702 1037 3776 lnfidehty.
1074 3705 1216 3778 Macaulay
1232 3707 1261 3760 in
1280 3706 1324 3762 his
1343 3706 1425 3776 say

321 3782 394 3846 tood,
409 3781 463 3838 bad
481 3783 527 3846 air,
541 3780 596 3836 end
611 3779 673 3836 dirt.
709 3780 773 3836 And
791 3781 852 3837 eeli-
894 3799 930 3836 on
947 3781 1040 3837 Becon
1058 3784 1138 3839 refers
1155 3793 1185 3838 to
1202 3785 1258 3840 thie
1271 3785 1424 3856 Aphorim-

322 3860 465 3930 respectis
482 3859 549 3915 both
567 3858 639 3930 good
657 3861 686 3914 in
703 3859 782 3925 itseli,
800 3858 855 3914 end
896 3859 1424 3934 Histsayhaaeworldlyendmtc·

322 3937 396 3992 lende
408 3945 437 3992 to
449 3955 465 3991 a
476 3937 560 3992 morel
572 3935 616 3992 iiic
628 3937 680 3991 aud
691 3946 720 3992 to
729 3955 745 3991 a
753 3946 856 4010 greater
895 3938 944 3993 rial
952 3937 1084 4013 tendency
1090 3940 1259 4012 throughout
1266 3941 1425 4010 (riethaiot

323 4013 855 4085 readineeetoreeeivereligioueim·
895 4017 1425 4091 heuminhieunjuetattechoe

323 4093 467 4166 pressione.
503 4091 568 4146 and
580 4091 739 4157 Educaticn,
751 4093 856 4166 though
897 4093 1123 4163 Pisto),vhichie
1136 4107 1164 4153 to
1175 4096 1210 4153 be
1220 4097 1365 4169 regretted.
1385 4097 1425 4152 (X.

323 4174 359 4227 ite
371 4170 564 4240 development,
573 4169 790 4243 ostentoorapid
802 4172 856 4228 and
896 4173 1033 4229 nmium
1046 4175 1137 4232 1.116.
1314 4229 1321 4242 ,

324 4249 481 4322 superficiei,
494 4249 645 4304 somehmee
656 4247 729 4304 lade
740 4259 769 4304 to
781 4269 855 4306 men·
931 4252 959 4292 ⁶⁹
974 4251 1130 4320 Facultates,
1144 4255 1271 4326 uvaque,
1281 4255 1415 4327 Property.

325 4331 361 4384 tel
381 4325 523 4399 infidelity,
542 4327 565 4381 is
583 4336 610 4381 at
628 4343 680 4400 any
698 4337 753 4384 rete
770 4328 856 4385 better
