3078 5180
299 325 343 388 64
630 322 803 387 NOVUM
827 319 1076 388 ORGANUM.

352 608 457 692 Quod
477 629 559 678 reto
576 613 705 700 putant
720 605 895 684 homines,
912 606 949 674 in
968 603 1188 698 philosophia
1199 603 1405 676 Aristotelis

301 747 471 820 magnum
497 725 620 814 utique
645 743 856 793 consensum
882 743 978 803 osse;
1003 743 1087 792 cum
1109 719 1312 814 postillam
1330 723 1404 794 edi·

301 851 386 925 tam,
412 841 637 931 antiquorum
666 835 896 930 philosophiae
926 838 1140 908 cessaverint
1170 845 1209 908 st
1239 837 1405 910 exoleve-

301 960 393 1042 rint;
419 965 474 1029 ast
498 956 593 1050 apud
620 965 791 1048 tempora,
809 975 888 1047 quar
913 963 1064 1046 sequuta
1088 963 1183 1037 sunt,
1200 954 1252 1025 nil
1276 955 1405 1028 melius

300 1077 487 1146 inventum
505 1073 634 1155 luorit;
661 1071 750 1141 adeo
773 1079 814 1140 ut
839 1069 902 1142 illa
924 1078 999 1140 tam
1022 1071 1114 1142 bene
1136 1072 1309 1164 positast
1326 1073 1406 1143 fun·
1535 1075 1536 1082 ’

301 1192 385 1262 data
412 1191 586 1272 videatur,
615 1197 658 1256 nt
687 1197 880 1278 utrumque
910 1195 1052 1280 tempus
1085 1187 1130 1258 ad
1164 1210 1203 1259 se
1232 1190 1404 1260 traxerit:

299 1309 423 1401 primo,
445 1306 538 1398 quod
562 1305 608 1375 de
630 1303 826 1374 cessatione
851 1303 1075 1395 antiquarum
1100 1303 1404 1398 philosophiarum

298 1435 380 1518 post
395 1419 601 1493 Aristotelis
616 1442 724 1512 opera
739 1419 837 1489 edita
852 1417 1014 1491 homines
1030 1423 1201 1516 cogitant,
1219 1422 1256 1492 id
1274 1421 1405 1493 falsum

301 1551 376 1623 ost;
402 1539 464 1610 diu
489 1537 584 1609 enim
611 1543 743 1629 postea,
764 1557 877 1626 usque
902 1535 946 1607 ad
975 1545 1138 1630 tempora
1155 1537 1349 1620 Ciceronis,
1367 1549 1405 1610 et

300 1654 422 1727 secula
441 1653 635 1746 sequentis,
651 1659 859 1722 manserunt
876 1673 984 1743 opera
999 1661 1161 1724 veterum
1177 1653 1407 1748 philosopho·
1535 1607 1536 1668 3

300 1793 380 1841 rum
387 1765 427 1839 ⁵⁶.
479 1769 551 1842 Sed
569 1768 788 1861 temporibus
809 1767 1089 1859 insequentibus,
1106 1793 1153 1841 ox
1170 1771 1406 1842 inundatione

301 1885 538 1958 Barbarorum
571 1886 607 1955 in
638 1884 826 1976 imperium
857 1881 1071 1969 Romanum,
1100 1895 1289 1979 postquam
1321 1887 1407 1958 doc

300 2003 394 2074 trina
423 2001 578 2073 humana
605 1998 705 2070 velut
733 1998 957 2092 naufragium
988 2023 1155 2094 perpessa
1183 2013 1298 2087 essct3
1325 2014 1405 2074 tum

299 2120 445 2191 domurn
473 2117 701 2213 philosophie
725 2113 931 2186 Aristotelis
961 2123 999 2187 et
1029 2115 1201 2204 Platonis,
1232 2129 1405 2214 tauquam

300 2233 430 2306 tabulae
452 2259 499 2306 cx
521 2234 672 2306 matoria
693 2232 825 2305 leviore
848 2241 886 2300 et
911 2231 1028 2303 minus
1054 2231 1176 2317 solida,
1192 2258 1258 2328 per
1272 2235 1405 2308 fluctus

300 2360 502 2444 temporum
537 2359 683 2422 servate
712 2341 837 2418 sunt⁵⁷.
890 2342 985 2417 Illud
1017 2350 1124 2420 etiam
1152 2351 1199 2422 de
1229 2375 1404 2423 consensu

300 2465 393 2540 fallit
426 2467 596 2548 homines,
631 2467 660 2535 si
692 2463 831 2534 acutius
866 2484 942 2533 rem
974 2464 1234 2560 introspiciant.
1285 2467 1323 2538 V
1323 2493 1405 2540 erus

300 2584 395 2654 onim
426 2603 616 2654 consensus
644 2583 674 2650 is
702 2575 801 2660 estffl,
832 2579 893 2671 qui
923 2601 969 2650 ex
1000 2579 1166 2655 libertate
1187 2585 1316 2676 judicii
1351 2587 1405 2678 (re

299 2701 397 2793 prius
426 2698 623 2792 explorata)
653 2698 690 2767 in
724 2696 821 2766 idem
851 2697 1085 2770 conveniente
1114 2702 1288 2774 consistit.
1351 2702 1404 2775 At

334 2930 361 2970 Μ
376 2931 441 2988 And
464 2941 513 2986 not
536 2931 601 3004 only
624 2928 669 2984 the
689 2927 778 2983 works
801 2925 831 2979 ol
871 2926 976 2983 studicd
988 2929 1034 2984 tha
1045 2931 1149 3005 subject
1160 2933 1188 2987 in
1199 2935 1334 3005 question.
1360 2935 1405 2990 au

299 3009 415 3066 Bacon'a
427 3011 580 3074 favourites,
592 3009 638 3064 the
654 3007 729 3062 older
741 3005 829 3060 Greek
870 3023 933 3060 meu
945 3019 1019 3063 must
1034 3009 1118 3081 judga
1132 3011 1162 3065 ol
1178 3029 1252 3066 some
1266 3011 1403 3068 rudimen·

300 3087 498 3162 Philosophsrs,
525 3088 576 3142 hut
601 3087 648 3142 the
675 3085 748 3141 Stolo
775 3081 829 3138 and
870 3088 1029 3158 tarypoints
1042 3088 1072 3142 ol
1085 3092 1170 3144 moral
1182 3090 1401 3148 androdnlifc:

299 3168 449 3240 Epicurean
470 3167 584 3224 Schools
603 3165 713 3229 existed,
734 3181 764 3219 as
784 3161 830 3218 did
870 3163 913 3220 lor
925 3167 960 3220 all
973 3165 1040 3222 have
1052 3176 1080 3221 to
1093 3166 1200 3224 dowith
1211 3169 1302 3226 tham:
1319 3173 1403 3228 busit

299 3249 355 3302 also
367 3248 413 3303 the
425 3247 652 3303 Neo-Platonists.
870 3244 894 3297 ia
919 3245 982 3318 only
1001 3245 1046 3301 the
1066 3249 1189 3318 γνώριμοι
1207 3247 1299 3305 whose
1318 3250 1401 3324 jndg.

335 3325 358 3365 Ν
377 3327 420 3382 Gi.
433 3345 507 3398 supr.
522 3325 543 3380 l.
558 3339 600 3398 71.
870 3331 945 3377 ment
956 3324 980 3378 is
991 3325 1077 3380 worth
1088 3343 1142 3398 any
1153 3327 1231 3400 thing
1245 3347 1276 3383 aa
1292 3339 1321 3384 to
1338 3331 1402 3386 sub·

334 3403 361 3444 ⁶⁸
376 3407 505 3462 'lhetruo
521 3405 578 3460 rulo
596 3404 627 3459 of
641 3411 753 3458 massot
765 3399 829 3455 then
866 3403 934 3474 jecta
955 3403 1061 3474 beyond
1082 3407 1177 3477 vulgar
1197 3407 1402 3478 apprehension.

299 3484 353 3537 will
363 3485 406 3548 he,
419 3484 442 3538 it
456 3501 519 3538 men
533 3501 612 3554 agree
624 3483 690 3536 alter
708 3483 749 3550 (1)
757 3497 828 3535 care·
870 3480 946 3536 Thus
959 3483 1004 3538 tha
1020 3485 1153 3540 universal
1172 3497 1284 3542 consent
1302 3489 1334 3544 oi
1353 3489 1402 3544 live

299 3561 340 3616 lul
368 3562 577 3632 investigatiou3
609 3561 650 3628 (α)
667 3559 721 3614 fres
747 3557 830 3632 jung-
870 3559 1006 3617 thousand
1030 3580 1106 3634 ycars
1130 3562 1184 3619 ond
1207 3583 1283 3621 mors
1307 3567 1336 3621 in
1357 3567 1402 3622 the

300 3649 390 3694 ment:
409 3641 472 3704 froc,
490 3643 540 3694 ic.
557 3639 627 3694 lrorn
647 3639 783 3693 traminels
802 3638 834 3692 ol
869 3641 946 3695 sun's
970 3643 1107 3714 revolving
1135 3643 1224 3698 round
1247 3645 1294 3700 ths
1316 3645 1401 3710 carth,

300 3716 444 3790 authority,
461 3717 603 3790 prejudics,
621 3717 765 3789 suspicion,
779 3717 828 3771 &c
870 3718 919 3774 has
931 3737 993 3775 now
1005 3738 1040 3776 no
1052 3721 1151 3792 wsight
1162 3731 1190 3776 at
1200 3723 1245 3778 all.
1273 3724 1402 3779 Aristode

299 3795 428 3850 Aristode
451 3795 561 3852 himself
580 3796 654 3867 gives
674 3813 690 3849 s
711 3796 768 3851 rulo
788 3795 830 3850 for
870 3815 923 3852 was
936 3801 1009 3871 quite
1020 3805 1158 3855 awmtoo
1170 3802 1202 3856 ol
1209 3801 1255 3856 the
1267 3802 1324 3858 rialr
1336 3803 1402 3857 aris·

300 3875 442 3929 ‘morant'
454 3874 541 3928 which
559 3875 583 3928 is
600 3875 743 3948 extrsmcly
755 3875 829 3948 jndi-
869 3877 917 3948 ing
929 3886 957 3931 to
970 3878 1045 3933 truth
1057 3879 1127 3934 hom
1145 3889 1265 3936 custom:
1284 3899 1330 3936 ssa
1342 3881 1401 3936 hle·

300 3951 385 4016 olous,
403 3953 435 4007 τὰ
454 3956 536 4008 πᾶσιν
554 3951 569 4021 ἢ
588 3955 795 4013 τοῖσπλείστοις
813 3955 828 4024 ἢ
869 3955 944 4026 tsph.
957 3957 991 4011 A.
1009 3959 1040 4012 τὸ
1057 3957 1176 4022 ἔλαττον,
1192 3959 1235 4014 eh.
1248 3977 1275 4031 3.
1293 3959 1402 4030 Ἡλίῳ

300 4033 355 4086 roir
365 4031 480 4098 palm
490 4032 627 4102 γνωρίμως
639 4033 770 4096 δοκοῦντα,
780 4035 829 4090 Ar.
870 4034 899 4088 tr*
910 4031 990 4106 ἴσχνν
1001 4037 1056 4108 ἔχει
1065 4039 1095 4092 rd
1107 4035 1225 4108 σύνηθες,
1233 4041 1258 4092 ol
1270 4043 1345 4108 νόμοι
1357 4041 1400 4110 dp-

298 4109 392 4179 Topic.
405 4109 428 4164 Ι.
441 4111 459 4163 i.
469 4123 493 4181 7.
518 4109 638 4182 showing
650 4110 708 4166 that
719 4111 830 4168 therela
870 4115 974 4180 horino,
986 4115 1015 4171 ἔν
1025 4113 1064 4174 olr
1079 4117 1113 4171 τὰ
1126 4116 1231 4186 pessos
1249 4119 1291 4172 col
1308 4120 1401 4174 madn-

299 4197 426 4260 astrong
444 4189 627 4259 praeumption
644 4191 673 4244 in
690 4191 784 4246 favour
801 4193 832 4248 of
867 4193 947 4264 ριώδη
971 4197 1057 4264 μεῖζον
1080 4195 1166 4268 luydas
1192 4201 1239 4251 τοῦ
1265 4201 1401 4270 γιιὸπω

298 4265 431 4323 whatever
448 4267 471 4322 is
487 4267 605 4323 helien&
617 4267 653 4340 hy
665 4269 827 4344 cvcrybody;
867 4273 928 4343 περὶ
940 4273 1023 4330 αὐτῶν
1032 4274 1077 4329 tur
1088 4277 1118 4331 τὸ
1130 4275 1197 4332 ἔθυε.

298 4361 331 4400 or
351 4345 387 4418 hy
398 4346 475 4402 those
493 4345 554 4401 who
572 4346 638 4404 have
659 4348 828 4422 particularly

1535 1855 1536 1864 t

1535 1905 1536 1918 r

1535 2393 1536 2412 t

1535 2567 1536 2598 l

1535 2601 1536 2676 l

1535 2919 1536 2928 t

1437 3450 1452 3468 s·

1535 3589 1536 3628 l
