3222 5148
593 321 684 387 LIB.
702 321 749 386 II.
770 340 819 398 10,
837 339 882 382 ιι.
1233 313 1295 374 149

191 511 322 582 nempe
339 487 635 568 ministrationem
659 483 956 554 ministrationem
974 479 1019 550 ad
1041 498 1203 556 sensum;
1229 477 1297 546 mi-

192 605 441 676 nistrationem
458 603 502 673 ad
520 602 749 687 memoriam3
775 609 813 670 et
830 598 1126 670 ministrationem
1139 593 1183 664 ad
1196 614 1296 662 men-

193 731 279 805 tem,
298 720 372 789 sive
389 718 574 790 rationem.

246 836 368 905 Primo
386 835 482 905 enim
500 832 655 927 paranda
670 839 726 903 est
743 827 891 901 historia
908 827 1080 901 naturalis
1103 829 1142 898 et
1162 825 1297 921 esperi-

195 949 363 1034 nroatoiis,
393 951 569 1023 sufficiens
599 956 638 1020 et
667 948 780 1029 bona;
815 947 909 1039 quod
941 945 1222 1016 fundamentum
1245 943 1296 1012 rei

194 1077 269 1140 est:
300 1091 416 1161 neque
448 1069 545 1138 euim
575 1063 793 1158 fingendum,
824 1073 888 1133 aut
918 1061 1203 1156 exmgitandum,
1234 1057 1296 1129 sed

195 1183 460 1268 inveniendum,
479 1180 564 1274 quid
584 1188 711 1249 natura
728 1179 844 1261 iaciat,
861 1187 925 1248 aut
943 1175 1080 1249 feratffi.

246 1297 412 1372 Historia
436 1320 520 1369 vero
546 1293 718 1367 naturalis
740 1304 779 1366 et
804 1291 1081 1389 coperimentaiis
1106 1304 1180 1364 tam
1204 1292 1299 1361 saria

197 1426 255 1488 est
284 1425 322 1487 et
353 1437 480 1510 sparsa,
504 1407 549 1484 ἰιι
575 1411 799 1483 intellectum
826 1412 1020 1482 confundat
1045 1420 1083 1481 et
1109 1412 1299 1506 disgreget,

198 1535 265 1605 nisi
292 1535 437 1604 sistatur
461 1541 499 1602 et
521 1537 723 1622 compareat
745 1528 871 1600 ordine
889 1528 1029 1600 idoneo.
1081 1529 1209 1620 Itaque
1230 1527 1299 1597 for

197 1651 341 1722 mandae
369 1657 453 1720 sunt
479 1643 647 1731 tedulfi,
668 1655 706 1716 et
728 1643 1019 1718 coordinationes
1043 1643 1299 1726 instantiarum,

198 1767 261 1839 tali
286 1766 392 1838 modo
417 1776 456 1838 et
471 1764 717 1846 instructione,
735 1771 776 1833 nt
800 1765 837 1833 iu
854 1761 1039 1860 easjagere
1062 1763 1172 1857 possit
1194 1761 1301 1833 intel-

198 1884 324 1956 lectus.

251 1998 294 2069 Id
316 2019 458 2090 quoque
481 1996 568 2068 lieet
590 1995 662 2082 fiat,
690 2005 810 2068 tamen
840 1994 1044 2068 intellectus
1067 1997 1133 2066 sibi
1156 1997 1302 2089 permis-

198 2137 268 2198 sus,
286 2124 325 2186 et
349 2120 475 2206 sponte
497 2135 655 2194 morans,
673 2112 919 2204 incompetens
942 2120 1052 2183 estet
1069 2112 1233 2184 inhabilis
1256 2112 1301 2183 ad

200 2229 381 2324 opificium
399 2229 631 2312 axiomatum,
648 2227 714 2297 nisi
733 2235 877 2320 regatur
894 2235 931 2298 et
948 2228 1139 2298 muniatur.
1174 2229 1302 2322 ltaque

201 2348 321 2429 tertio,
351 2344 552 2422 adhibenda
582 2352 638 2414 est
668 2339 822 2414 inductio
853 2342 1014 2436 legitima
1043 2353 1080 2414 et
1107 2367 1198 2427 vera,
1225 2369 1303 2438 quae

201 2463 278 2556 ipsa
294 2459 399 2533 aloen
416 2469 470 2532 est
489 2458 797 2554 interpramtionis.
845 2456 1092 2552 Incipiendum
1110 2470 1230 2532 autem
1249 2474 1304 2532 est

201 2601 223 2649 a
240 2579 322 2662 fine,
341 2585 380 2649 et
396 2586 491 2648 retro
510 2574 728 2671 pergendum
745 2573 790 2644 ad
807 2573 951 2666 reliqua.

717 2767 775 2838 XI
779 2819 787 2836 .

255 2886 442 2979 inquisitio
471 2885 664 2955 formarum
691 2885 741 2955 sio
767 2880 977 2977 procedit²⁸;
1011 2897 1305 2978 supersuturam

1315 2655 1338 2694 0

239 3109 266 3151 Ν
276 3109 343 3165 This
361 3108 445 3164 desire
459 3108 502 3163 sor
515 3125 531 3163 a
543 3107 665 3162 Historia
678 3107 734 3160 Na·
776 3106 851 3162 these
862 3109 1018 3180 particulare
1031 3111 1088 3165 into
1100 3129 1154 3183 any
1164 3119 1240 3167 exact
1252 3130 1308 3167 me-

204 3188 336 3244 arctois
353 3187 482 3259 probably
494 3186 539 3242 the
554 3203 633 3241 cause
649 3186 679 3240 ol
694 3184 736 3239 bis
775 3184 842 3240 thod
855 3186 971 3258 (though
985 3188 1019 3243 he
1031 3189 1089 3243 that
1101 3190 1211 3244 loolreth
1223 3200 1308 3245 atten-

204 3266 342 3336 attnching
353 3283 370 3319 a
381 3266 528 3320 Porsennae
544 3283 574 3320 as
591 3283 608 3319 e
624 3262 690 3318 kind
709 3264 741 3319 oi
777 3264 857 3336 tirely
868 3265 926 3320 into
943 3265 1016 3321 them
1028 3267 1096 3321 shall
1106 3266 1163 3322 find
1176 3267 1234 3322 that
1245 3268 1309 3342 they

205 3346 341 3416 specimen
353 3351 381 3398 ιο
393 3343 436 3398 bis
448 3343 506 3398 first
516 3343 633 3399 Editiou.
652 3343 737 3411 ([ιοιι·
777 3342 845 3397 bers
866 3362 881 3397 a
902 3354 987 3400 secret
1005 3345 1094 3414 order)
1114 3363 1177 3412 was,
1197 3347 1309 3402 because

206 3423 272 3488 don,
287 3421 377 3490 1620.)
779 3419 813 3476 he
832 3422 973 3477 conceived
985 3423 1043 3478 that
1054 3423 1131 3478 other
1146 3443 1208 3479 men
1220 3425 1310 3480 would

242 3500 266 3541 ²¹
285 3499 326 3556 Os
338 3500 424 3555 afirst
439 3499 576 3555 sketchoi
588 3499 739 3563 lisitanae
780 3517 841 3554 now
858 3500 936 3555 thiulc
954 3501 1012 3556 that
1030 3501 1093 3575 they
1111 3502 1190 3558 could
1211 3502 1246 3559 do
1265 3504 1311 3558 the

206 3578 261 3635 bad
273 3597 308 3634 nn
319 3579 439 3648 example
452 3579 480 3632 iu
494 3577 539 3632 the
552 3576 632 3650 Sylva
645 3577 739 3650 Sylva·
780 3577 842 3642 like,
862 3579 916 3634 end
935 3596 966 3635 so
987 3599 1022 3652 go
1042 3598 1078 3635 ou
1096 3582 1160 3636 with
1179 3599 1195 3636 e
1212 3583 1313 3638 ierther

206 3675 278 3722 rum,
303 3661 348 3710 “a
371 3655 485 3711 Natural
507 3654 619 3728 History
642 3656 671 3709 in
693 3664 740 3710 ten
779 3658 934 3724 cedentium
963 3659 1060 3726 which,
1084 3661 1107 3716 ii
1127 3661 1174 3716 the
1199 3659 1314 3716 Method

207 3735 422 3792 centuries”-a
439 3735 513 3789 work
531 3733 644 3790 without
662 3732 740 3789 order
780 3735 833 3790 had
851 3737 918 3792 been
937 3748 1021 3803 exact
1040 3757 1121 3811 many
1138 3739 1227 3795 wordd
1245 3741 1314 3795 have

207 3839 240 3878 or
252 3821 393 3893 digestion,
406 3819 459 3875 and
470 3829 519 3875 not
532 3822 614 3891 really
625 3819 741 3874 dttobs
781 3814 920 3886 despnired
942 3825 971 3872 ιο
992 3818 1074 3873 attain
1095 3819 1132 3890 by
1152 3819 1313 3874 imitation.'’

207 3899 292 3955 cassed
310 3904 329 3930 “
338 3899 464 3960 Tables,”
476 3899 518 3954 lor
531 3897 621 3954 Beoou
635 3896 740 3953 intend·
782 3893 899 3967 Perhaps
911 3895 958 3952 the
969 3895 1041 3951 briel
1049 3897 1132 3952 Teble
1148 3897 1175 3952 iu
1189 3898 1234 3952 the
1249 3906 1315 3953 next

207 3977 242 4034 ed
266 3977 303 4050 by
327 3977 348 4031 it
371 3986 400 4032 ιο
425 3983 585 4048 “represent
609 3995 625 4031 n
647 3977 740 4030 know·
781 3974 928 4045 Aphorism
958 3975 982 4031 is
1014 3993 1031 4029 a
1061 3976 1139 4031 laires
1169 3977 1314 4048 specimen,

208 4055 286 4127 ledge
303 4054 436 4122 brokeu,¹'
455 4073 485 4110 so
506 4065 534 4110 ιο
553 4056 661 4110 “invite
678 4072 741 4109 men
782 4053 886 4125 though
914 4071 980 4109 even
1007 4054 1081 4110 there
1108 4054 1155 4109 the
1180 4055 1315 4111 instaures

208 4142 239 4189 to
256 4133 361 4206 inquire
378 4133 507 4188 imber?
545 4131 594 4188 See
613 4133 741 4204 Rewley's
782 4131 871 4187 follow
881 4150 918 4187 no
934 4133 1031 4196 order;
1050 4133 1234 4206 stilltheynre
1250 4149 1316 4187 cou-

210 4211 417 4267 Prelscetotbe
430 4211 586 4285 Sylv.Sylv.
622 4212 743 4267 “lhuve
781 4211 877 4267 nected
886 4211 950 4267 with
961 4229 1013 4267 one
1026 4211 1132 4268 definite
1144 4211 1256 4282 subject.

209 4289 293 4345 heard
316 4288 360 4345 his
384 4289 505 4362 lordship
534 4309 581 4362 say
608 4291 665 4346 that
691 4308 743 4346 oue
818 4289 844 4330 Μ
863 4291 941 4346 From
959 4290 1032 4363 Aph.
1048 4307 1135 4346 11-20
1154 4308 1192 4345 we
1213 4290 1318 4343 hevae

210 4377 284 4440 meat
300 4385 395 4425 meson
407 4370 468 4444 why
479 4369 514 4426 he
524 4369 613 4426 would
630 4378 676 4426 not
693 4379 743 4441 put
784 4371 926 4441 particrdm
939 4368 1140 4425 illustrationes
1149 4368 1194 4422 the
1207 4366 1317 4424 method
