3156 5176
589 337 679 404 nm.
702 337 746 402 11.
760 355 814 423 50.
1183 341 1249 408 ees

146 501 255 596 longo
280 507 443 594 tempore
468 500 638 593 procedit
661 511 701 574 et
725 503 838 574 versio
864 503 902 572 in
927 523 1070 572 oroeum
1095 503 1254 576 martis²³

144 617 287 690 subito:
312 625 353 689 et
377 616 541 688 similiter
557 619 603 689 de
629 619 783 713 aerugine
807 626 845 689 et
862 615 1044 688 oerusso²⁴.
1095 618 1252 712 Crystal-

145 733 224 804 inm
240 733 348 828 longo
373 741 535 826 tempore
560 732 754 816 coniicitur,
774 733 903 804 vitrum
923 733 1041 804 subito
1066 734 1251 806 condatur.

147 847 302 944 Lapides
325 848 432 945 longo
453 858 614 942 tempore
636 857 877 932 concrescunt,
895 847 1024 920 lateres
1049 848 1167 922 subito
1194 873 1254 922 oo·

147 974 318 1058 quuntur,
337 962 404 1036 &e
456 963 609 1036 Interim
634 963 744 1058 (quod
771 987 865 1036 nune
890 965 1024 1059 egitur)
1050 987 1175 1038 omnes
1200 966 1253 1037 di·

147 1081 334 1154 versitates
350 1080 475 1153 eoloris
491 1102 574 1152 oum
591 1079 778 1152 effectibus
801 1081 872 1152 suis
888 1081 1086 1173 respective
1104 1081 1253 1176 diligen·

147 1205 206 1270 ter
221 1207 260 1269 et
272 1198 446 1270 industrie
460 1198 617 1290 undique
633 1207 718 1270 sunt
732 1196 939 1292 colligendae
957 1205 996 1268 et
1008 1199 1252 1290 exquirendo:

148 1312 358 1398 ooelestium,
376 1336 439 1407 per
462 1314 579 1385 radios
603 1335 684 1386 suos
711 1314 876 1398 direotos,
892 1313 1057 1397 reflexos,
1074 1314 1251 1399 refrsotos,

148 1439 188 1500 et
204 1430 321 1500 unitos
344 1430 382 1500 in
399 1428 552 1522 speculis
574 1429 887 1501 comburentibus:
913 1427 1073 1523 fulguris,
1090 1428 1253 1517 dommae,

147 1545 241 1640 ignis
258 1545 471 1629 carbonum
492 1545 583 1640 ignis
600 1567 647 1617 ex
664 1546 812 1618 diversis
828 1545 1004 1628 meteriis;
1020 1545 1112 1640 ignis
1129 1547 1253 1639 operti,

148 1659 319 1747 oonolusi,
336 1662 526 1755 angustati,
544 1671 582 1732 et
604 1661 819 1744 inundantis,
837 1661 992 1753 denique
1013 1683 1078 1753 per
1098 1659 1254 1734 diverses

148 1775 299 1848 febrinus
323 1776 520 1848 fornacium
536 1774 753 1868 quoliiionti3
777 1776 870 1872 ignis
891 1773 981 1848 flatu
1001 1775 1123 1858 exciti,
1140 1776 1253 1868 quieti

149 1899 189 1962 et
211 1912 282 1961 non
300 1891 434 1974 exeiti;
460 1890 552 1986 ignis
574 1891 620 1962 sd
643 1891 814 1983 mojorem
836 1897 901 1962 sut
925 1891 1100 1964 minorem
1122 1891 1254 1963 distan-

149 2007 239 2078 tium
263 2007 413 2090 remoti;
438 2007 529 2103 ignis
552 2028 616 2101 per
632 2008 728 2078 voris
749 2006 870 2079 medio
893 2007 1133 2099 permeantis3
1158 2007 1254 2078 onio-

148 2145 229 2195 rum
254 2123 494 2207 humidorum,
518 2131 562 2194 ut
586 2122 703 2196 balnei
730 2121 897 2208 Morioe25,
917 2123 1004 2206 timi,
1029 2122 1154 2194 caloris
1178 2125 1254 2195 oni·

150 2237 300 2312 molium
326 2261 391 2332 per
419 2240 588 2324 exterius,
614 2239 740 2312 eoloris
766 2238 973 2312 onimslium
1003 2261 1069 2332 per
1094 2240 1252 2324 interius,

149 2355 235 2426 ioeni
257 2354 435 2438 conclusi3
460 2354 619 2426 osiorum
641 2356 831 2438 aridorum,
849 2355 985 2436 sineris,
1003 2353 1254 2441 midumonds

149 2475 299 2568 tepidoe3
324 2473 479 2566 deniqne
504 2472 662 2546 culorum
687 2474 840 2568 enjusvis
865 2473 1006 2569 generis
1030 2494 1113 2544 oum
1136 2474 1254 2568 grndi-

150 2589 217 2661 bus
238 2609 375 2662 eornm.

201 2701 382 2798 Praeeipue
413 2725 497 2774 vero
525 2703 699 2776 tentanda
730 2711 785 2774 est
813 2702 997 2796 inquisitio
1027 2711 1065 2773 et
1093 2703 1254 2775 inventio

149 2817 343 2890 effectuum
355 2827 394 2891 et
412 2819 631 2912 opifioiornm
645 2817 770 2892 eoloris
782 2817 984 2890 aoeedentis
1001 2827 1041 2890 et
1053 2818 1254 2891 recedentis

148 2934 361 3030 grudustim,
390 2943 430 3006 ot
459 2934 661 3017 ordinatim,
689 2943 727 3006 et
756 2932 945 3026 periodioe,
973 2942 1012 3006 et
1040 2932 1255 3026 perdebito

149 3050 272 3143 spatis,
290 3058 329 3122 et
345 3071 471 3122 mores.
511 3049 587 3120 Isto
602 3050 699 3120 enim
717 3047 937 3140 inaequnlitos
954 3048 1116 3120 ordinate
1131 3071 1255 3120 revera

149 3165 224 3238 filio
239 3163 320 3238 ooeli
336 3173 402 3248 est,
418 3173 457 3236 et
472 3165 712 3259 generationis
729 3172 864 3236 meter:
885 3186 1003 3257 neque
1019 3187 1042 3236 a
1058 3163 1175 3235 onlore
1191 3172 1256 3235 ont

149 3281 367 3367 vehementi,
384 3287 448 3352 aut
463 3281 646 3376 praeoipiti,
659 3289 723 3352 out
740 3280 964 3380 subsultorio
981 3279 1116 3373 aliquid
1133 3281 1254 3375 magni

149 3397 416 3490 expectandum
429 3404 495 3468 est.
522 3395 668 3468 Etenim
681 3405 720 3468 et
732 3399 770 3467 in
782 3397 1042 3493 vegetabilibus
1059 3397 1126 3469 boo
1143 3399 1256 3471 moni·

150 3512 383 3584 festissimum
416 3520 482 3584 est.
531 3511 656 3607 Atque
689 3513 798 3586 etism
833 3513 871 3586 in
904 3515 1015 3586 uteris
1047 3513 1255 3585 animalium

149 3651 280 3723 mogus
295 3637 351 3700 est
368 3628 493 3700 eoloris
510 3628 738 3722 inaequslitss
755 3653 803 3701 ex
823 3640 936 3710 motu,
954 3652 1091 3714 somno,
1107 3629 1256 3704 elimen-

149 3741 345 3814 tutionibus
369 3751 409 3816 et
433 3744 652 3838 passionibus
669 3744 906 3818 foemellarum
923 3769 1003 3838 quoe
1026 3755 1171 3819 uterum
1193 3769 1256 3844 ge·

183 3967 211 4009 ²³
230 3967 329 4024 stocos
348 3969 458 4036 Mortis,
478 3987 510 4026 or
529 3969 682 4038 Colootber,
758 3971 785 4013 ²⁵
802 3972 897 4030 Balad
908 3973 1015 4030 Morio.
1046 3974 1080 4030 ln
1092 3973 1256 4040 distidstion,

149 4045 195 4102 the
213 4045 357 4103 substance
374 4047 462 4104 whiob
481 4050 596 4107 mmains
616 4049 684 4106 after
723 4051 801 4108 uben
819 4051 865 4108 the
882 4051 1012 4124 distilling
1023 4054 1109 4108 vessel
1123 4053 1147 4108 is
1164 4051 1256 4124 pinoed

149 4125 194 4180 the
207 4124 363 4181 esleinstion
376 4125 521 4183 ointriol.
724 4129 923 4203 inspotiilled
936 4131 1001 4186 with
1012 4129 1260 4196 nominaremus

184 4201 212 4242 ²⁴
231 4201 350 4261 Gmsso.
386 4204 544 4272 Wbitelesd,
557 4206 684 4282 mndsby
725 4209 869 4274 ssnd,tbe
892 4209 1074 4280 operationis
1099 4207 1155 4264 said
1176 4217 1205 4263 to
1223 4208 1258 4262 be

148 4279 280 4352 exposing
300 4299 427 4338 common
447 4283 506 4340 leod
526 4295 554 4340 to
573 4285 619 4342 the
636 4303 682 4342 vs·
724 4287 875 4358 performed
891 4289 919 4342 in
936 4285 1133 4350 suum-both,
1149 4303 1181 4342 or
1192 4285 1257 4341 Bul·

149 4357 481 4434 pomoiwsrmvinognr.
723 4365 915 4421 mundioris.
