3222 5148
657 317 883 404 nra.11.13.
1260 316 1323 382 177

295 481 437 564 ferrum,
455 488 493 550 et
509 503 669 573 cuprum,
688 491 726 552 et
743 492 880 555 catera.
922 483 1060 556 Verum
1077 485 1123 556 de
1140 483 1195 556 his
1211 484 1321 555 stiam

295 594 457 666 facienda
473 603 529 666 est
545 595 692 668 ulterior
708 598 901 691 inquisitio.

220 713 281 779 25.
307 708 545 781 Inveniuntur
575 734 622 782 ex
651 713 772 806 ignitis
802 712 974 784 nonnulla
1003 713 1109 809 longe
1144 715 1321 797 calidiora,

293 848 399 917 qnam
420 825 601 897 nonnullae
623 849 670 897 cx
695 827 857 899 flammis.
910 827 1034 900 Multo
1060 832 1156 900 enim
1173 830 1322 902 calidius

294 950 348 1012 est
365 951 403 1012 et
419 944 533 1036 magis
549 944 701 1014 adurens
723 945 855 1014 fernim
872 945 1036 1039 ignitum,
1054 969 1161 1038 quam
1178 946 1323 1018 flamma

293 1059 437 1150 spiritus
454 1059 538 1128 vini.

219 1171 279 1244 26.
304 1171 542 1243 Inveniuntur
570 1173 680 1245 etiam
708 1197 754 1247 ex
782 1175 861 1257 illis,
887 1199 965 1268 qnae
992 1176 1105 1270 ignito
1130 1199 1203 1246 non
1227 1186 1320 1260 sunt,

292 1289 355 1360 sed
372 1297 515 1360 tantum
529 1289 575 1360 ab
592 1291 674 1384 igne
698 1291 880 1374 calefacta,
898 1294 991 1363 sicut
1008 1315 1108 1385 aquae
1131 1293 1319 1375 ferventes,

293 1415 329 1476 et
355 1407 415 1476 aer
440 1403 627 1478 conclusus
651 1407 687 1476 in
714 1407 1009 1490 reverberatoriis,
1037 1407 1217 1490 nonnulla,
1243 1431 1320 1500 quoe

293 1530 461 1614 superant
477 1520 594 1592 calore
609 1521 725 1592 multa
741 1546 788 1593 ex
806 1522 957 1593 flammis
975 1525 1059 1616 ipsis
1076 1531 1115 1594 et
1130 1524 1263 1616 ignitis.

219 1640 279 1713 27.
298 1635 422 1707 Motus
438 1645 548 1731 auget
564 1634 770 1719 calorem⁹⁸3
797 1647 839 1708 ut
856 1636 976 1709 videre
993 1640 1103 1709 estin
1122 1637 1265 1710 follibus
1281 1647 1319 1709 ct

293 1752 404 1836 ilatu;
438 1753 528 1824 adeo
555 1763 596 1822 ut
624 1753 765 1824 duriora
789 1776 834 1824 ex
862 1753 1017 1825 metallis
1039 1777 1111 1824 non
1137 1754 1320 1825 solvantur

292 1875 355 1938 aut
383 1868 568 1960 liquefiant
596 1868 810 1962 perignem
838 1878 1021 1940 mortuum
1050 1878 1114 1940 ant
1143 1871 1317 1962 quietum,

293 1981 359 2052 nisi
377 1982 465 2053 flatu
482 1985 670 2055 excitetur.

217 2101 277 2168 28.
297 2095 378 2168 Fiat
407 2099 695 2191 experimentum
725 2123 789 2192 per
818 2100 963 2193 specula
994 2101 1249 2184 comburentis,
1279 2101 1316 2170 in

291 2214 419 2305 quibus
436 2219 493 2304 (ut
515 2215 678 2305 memini)
700 2215 768 2286 hoc
791 2215 854 2298 fit;
881 2225 923 2285 ut
946 2217 976 2286 si
1002 2215 1188 2310 speculum
1208 2239 1318 2308 pona-

292 2336 350 2398 tur
368 2329 538 2424 (exempli
559 2330 687 2423 gratia)
706 2331 750 2400 ad
768 2331 975 2402 distantiam
991 2329 1176 2423 spithamas
1193 2330 1239 2402 ab
1257 2330 1319 2401 ob-

284 2443 384 2534 jecto
426 2444 677 2528 combustibili,
712 2469 784 2516 non
825 2455 1012 2540 tantopere
1054 2447 1220 2517 incendat
1254 2455 1318 2518 aut

288 2560 424 2642 adurat,
442 2583 548 2653 quam
571 2562 600 2632 si
623 2561 778 2654 positum
803 2563 912 2632 fuerit
935 2559 1119 2655 speculum
1144 2561 1315 2655 (exempli

289 2676 417 2769 gratia)
435 2677 480 2747 ad
498 2676 702 2748 distantiam
720 2678 1008 2770 semispithamae,
1026 2687 1065 2748 et
1083 2679 1260 2771 gradatim
1277 2687 1316 2750 et

289 2790 386 2864 lente
403 2792 564 2864 trahatur
584 2793 629 2864 ed
647 2795 854 2910 distpntiam
871 2794 1066 2888 spithamas.
1119 2793 1239 2866 Conns
1262 2805 1317 2866 ta-

288 2929 371 2978 men
388 2917 427 2979 et
447 2908 531 2981 nnio
554 2909 732 2979 radiomm
755 2909 883 2980 eadem
900 2919 994 2992 sunt,
1012 2910 1074 2979 sed
1095 2910 1171 3001 ipse
1193 2919 1314 2980 motus

287 3030 396 3116 suget
412 3023 652 3116 operationem
671 3021 838 3095 celoris⁹⁹.

214 3143 275 3217 29.
293 3137 554 3210 Existimantur
577 3139 744 3211 incendia
765 3139 837 3222 illa,
856 3162 934 3232 qnoe
959 3139 1052 3209 fiunt
1075 3136 1184 3209 flante
1206 3149 1315 3210 vento

287 3253 381 3338 forti,
404 3254 554 3348 majores
583 3277 787 3350 progressus
814 3255 930 3326 fecere
960 3254 1128 3325 adversus
1155 3262 1314 3338 ventum,

287 3395 394 3464 qnam
416 3373 612 3444 secundum
632 3381 802 3459 ventum3
828 3374 912 3466 quia
935 3372 1072 3444 scilicet
1096 3371 1240 3443 flamma
1260 3395 1317 3442 re-

286 3485 360 3558 silit
381 3497 485 3558 motu
507 3488 714 3580 perniciore,
732 3499 841 3559 vento
863 3490 1084 3571 remittente,
1103 3510 1211 3580 quam
1234 3511 1316 3582 pro·

286 3605 392 3688 cedit,
409 3611 517 3674 vento
533 3600 801 3696 impellentem.

246 3785 272 3826 ⁹⁸
292 3785 332 3858 sy
343 3786 490 3857 supplying
505 3803 522 3839 e
537 3795 640 3856 greater
656 3803 741 3858 quan·
781 3784 895 3856 perhaps
910 3785 1004 3840 enable
1012 3804 1049 3850 ,us
1064 3795 1093 3840 to
1110 3785 1166 3840 find
1178 3785 1224 3840 the
1239 3794 1316 3840 exact

208 3863 302 3935 tityoi
312 3863 427 3936 Oxygen
443 3864 513 3918 irem
525 3863 570 3918 tha
582 3863 639 3918 nir.
677 3862 741 3918 ltis
781 3865 857 3919 locus
876 3864 968 3929 better,
981 3864 1035 3919 aud
1052 3882 1083 3919 so
1098 3863 1187 3936 might
1202 3881 1282 3918 cause
1299 3883 1316 3919 a

209 3953 258 3997 not
273 3959 345 3996 mere
360 3941 471 4006 motion,
483 3941 526 3996 lor
543 3940 589 3997 the
604 3941 741 3996 manniac-
782 3951 905 4014 suonger
915 3941 995 3997 Heat.

208 4029 283 4075 turer
294 4021 355 4074 who
372 4017 439 4075 tried
452 4029 480 4074 to
492 4019 562 4074 blow
573 4020 616 4074 his
632 4020 693 4074 lires
705 4019 742 4090 by
820 4019 856 4060 ¹⁰⁰
872 4020 939 4075 'l'bis
962 4021 986 4076 is
1010 4029 1058 4076 not
1081 4021 1127 4075 tha
1150 4037 1220 4075 cuae.
1255 4019 1314 4074 'l'ha

207 4115 301 4154 muns
322 4099 353 4152 ol
371 4109 456 4153 steem
471 4098 533 4169 jeta,
556 4099 653 4171 simply
674 4098 742 4154 blew
782 4099 936 4170 brightness
951 4100 981 4153 cl
993 4099 1048 4164 lire,
1061 4099 1138 4152 when
1154 4097 1271 4169 exposed
1285 4106 1314 4152 to

209 4176 352 4232 themont.
782 4194 799 4231 a
817 4177 884 4249 high
904 4177 984 4242 wind,
1004 4179 1027 4232 is
1048 4175 1196 4232 accounted
1216 4176 1259 4230 ior
1279 4174 1316 4246 by

245 4253 367 4310 ⁹⁹'I'herc
384 4255 456 4309 iano
468 4253 626 4310 foundau'ou
641 4255 671 4310 in
689 4252 742 4310 lect
782 4265 845 4310 note
857 4256 901 4326 98.

208 4333 250 4388 lor
266 4333 327 4388 thia.
364 4333 422 4388 'l'ha
438 4335 515 4388 latter
532 4349 638 4403 process
653 4332 741 4387 would

824 4443 848 4492 N
