3268 5146
603 341 690 406 LIB.
714 341 758 408 11.
773 363 827 425 40,
838 361 892 424 41.
1231 343 1297 416 269

194 510 304 584 habet
328 509 404 580 fere
429 506 549 578 locum
569 509 637 578 nisi
662 509 700 578 in
716 508 857 581 olfactu
882 517 921 582 et
945 509 1132 597 odoribus3
1158 532 1225 582 nec
1250 511 1295 582 ad

195 629 231 699 id
252 627 347 720 quod
368 626 487 719 agitur
508 623 663 696 multum
689 625 855 717 pertinet.
908 624 1028 710 Quare
1045 626 1091 696 de
1114 625 1297 698 deductio·

193 744 299 815 nibus
313 739 578 814 non-sensibilis
593 740 639 811 ad
657 741 824 814 sensibile
842 741 920 813 haec
939 743 1034 812 dicta
1051 742 1131 812 sint.

245 859 470 950 Quandoque
488 869 607 928 tamen
625 857 793 929 deductio
814 859 944 929 sitnon
962 859 1007 929 ad
1024 881 1166 930 sensum
1183 859 1296 932 homi·
1404 877 1410 898 ¹

195 977 259 1060 nis,
289 974 353 1047 sed
387 975 603 1047 adsensum
632 973 782 1066 alicujus
817 974 963 1046 alterius
996 973 1168 1058 animalis,
1196 978 1297 1069 cujus

196 1112 317 1163 sensus
334 1091 372 1160 in
387 1089 565 1185 aliquibus
581 1088 777 1160 humanum
794 1089 963 1162 excellit:
988 1099 1028 1161 ut
1045 1087 1296 1163 nonnulloruui

196 1207 355 1290 odorum,
373 1206 418 1278 ad
441 1227 583 1278 sensum
604 1207 723 1288 canis3
751 1206 849 1289 lucie,
868 1229 946 1299 quaa
972 1207 1008 1278 in
1034 1209 1115 1279 aere
1139 1231 1211 1278 non
1234 1233 1298 1280 ex-

196 1327 368 1396 trinsecus
395 1321 596 1393 illuminato
626 1322 779 1394 latenter
809 1322 943 1405 existit,
971 1323 1015 1394 ad
1042 1345 1185 1394 sensum
1208 1325 1296 1410 felis,

196 1449 346 1524 noctuae,
367 1450 405 1512 et
430 1438 632 1531 hujusmodi
657 1439 876 1522 animalium,
895 1462 973 1532 quae
999 1448 1152 1510 cernunt
1176 1449 1297 1512 noctu.

197 1557 312 1631 Recte
329 1557 426 1631 anim
441 1558 580 1628 notovit
596 1554 794 1639 Tolesius⁴⁴,
812 1557 923 1628 etiam
939 1557 976 1627 in
993 1559 1075 1629 aere
1092 1557 1167 1650 ipso
1184 1559 1298 1630 inesse

166 1749 169 1756 ,
198 1676 314 1748 lucem
337 1673 515 1767 quandam
532 1672 749 1767 originalem,
768 1672 853 1744 licet
876 1672 1007 1746 exilem
1025 1683 1064 1746 et
1086 1685 1241 1758 tenuem,
1259 1684 1298 1746 et

197 1793 353 1862 maxima
369 1812 415 1861 ex
434 1797 535 1884 parte
552 1789 664 1861 oculis
686 1789 871 1861 hominum
890 1799 954 1860 aut
971 1789 1205 1883 plurimorum
1222 1791 1298 1862 ani·

197 1907 345 1979 melium
365 1930 436 1978 non
459 1908 731 1978 inservientem:
758 1907 841 1998 quia
863 1905 924 1977 illa
945 1906 1124 1990 animalia,
1140 1908 1185 1979 ad
1211 1930 1299 2000 qno·

199 2047 276 2095 rum
298 2045 439 2096 sensum
462 2023 665 2116 hujusmodi
689 2021 755 2093 lux
780 2031 835 2092 est
861 2025 1135 2116 proportionata,
1152 2035 1298 2096 cernant

198 2151 327 2224 noctu3
353 2139 390 2210 id
407 2139 501 2232 quod
519 2137 575 2210 vel
596 2137 672 2210 sine
690 2137 770 2210 luce
787 2139 874 2221 fieri,
893 2137 950 2209 vel
967 2161 1031 2231 per
1053 2139 1171 2211 lucam
1189 2142 1299 2213 inter·

198 2281 291 2340 nam,
309 2258 426 2327 minus
443 2253 612 2326 credibile
629 2262 695 2324 est.

248 2372 372 2466 Atque
398 2371 486 2442 illud
513 2372 636 2464 utique
661 2370 858 2442 notandum
884 2383 962 2455 est;
988 2371 1033 2443 de
1059 2372 1299 2444 destitutioni·

199 2489 264 2560 bus
280 2511 433 2570 sensum,
450 2509 643 2580 eorumque
659 2487 834 2571 remediis,
852 2487 910 2559 hie
928 2511 992 2559 nos
1009 2497 1170 2560 tractare.
1198 2485 1296 2560 Nam

199 2605 348 2677 fallaciae
370 2627 536 2678 sensuum
554 2604 600 2674 ud
626 2603 784 2696 proprias
807 2605 1053 2697 inquisitiones
1070 2605 1115 2676 de
1137 2627 1242 2676 sensu
1259 2614 1298 2676 et

199 2720 354 2794 sensibili
377 2719 598 2792 remittenda
621 2729 726 2792 sunt:
754 2731 906 2813 excepta
929 2721 992 2792 illa
1008 2745 1137 2817 magna
1160 2721 1298 2794 fallacia

199 2860 377 2922 sensuum,
404 2838 570 2907 nimirum
597 2837 691 2927 quod
720 2837 940 2908 constituant
964 2837 1075 2910 lineas
1108 2861 1227 2911 rernm
1253 2861 1301 2910 ex

199 2953 360 3049 analogia
388 2954 551 3035 hominis,
577 2963 615 3023 et
644 2975 716 3022 non
746 2975 793 3024 ex
823 2953 986 3047 analogia
1011 2955 1186 3026 universi:
1222 2978 1300 3047 quae

199 3093 270 3142 non
291 3072 487 3165 corrigitur,
505 3069 572 3142 nisi
598 3091 662 3162 per
686 3069 859 3140 rationem
881 3081 920 3140 et
940 3070 1199 3164 philosophiam
1221 3072 1302 3142 uni-

200 3185 415 3259 versalemss.

251 3385 351 3458 Inter
375 3384 626 3482 praeropolioaa
656 3283 901 3454 iosddddinrum
932 3408 1106 3479 ponemus
1136 3385 1215 3457 loco
1241 3385 1304 3458 de·

229 3595 333 3650 ⁴⁴'l'his
345 3595 438 3651 notion
448 3595 479 3650 οἱ
483 3594 587 3649 Teleaio
595 3593 637 3662 (oi
643 3591 731 3648 which
807 3592 833 3632 θ
850 3593 917 3648 'l'hio
936 3595 1042 3649 remark
1062 3595 1086 3650 ia
1105 3603 1165 3651 truc
1183 3596 1214 3651 ol
1229 3595 1306 3651 other

201 3673 292 3730 Bacca
316 3673 462 3745 approved)
487 3673 511 3728 io
538 3672 732 3746 now.antiroly
773 3672 891 3744 subjectu
909 3690 939 3727 as
955 3675 1014 3730 well
1030 3692 1059 3730 aa
1079 3674 1111 3729 oi
1125 3675 1240 3730 eandble
1259 3693 1306 3746 ap·

198 3753 338 3824 uplodad.
368 3753 450 3808 Airia
463 3751 732 3808 notent-luminosa.
773 3753 925 3824 preciation.
963 3753 1014 3807 We
1028 3771 1072 3809 ara
1084 3753 1201 3826 obliged,
1212 3754 1250 3828 by
1261 3753 1308 3809 tha

199 3830 262 3886 And
274 3831 347 3896 Cata,
360 3833 410 3886 dcc.
423 3831 509 3886 which
522 3848 566 3885 are
578 3829 637 3886 said
647 3839 677 3885 to
689 3849 733 3886 sea
773 3832 946 3888 constitution
960 3831 991 3886 oi
1004 3850 1054 3887 our
1067 3833 1179 3898 Natura,
1192 3842 1221 3888 to
1234 3851 1306 3888 mea·

198 3911 227 3964 in
247 3909 297 3966 'tha
320 3908 395 3974 darii,
411 3927 455 3964 are
475 3911 539 3981 only
558 3907 617 3964 able
636 3917 665 3964 to
689 3927 733 3964 sea
773 3927 835 3964 sura
860 3910 954 3980 things
980 3908 1017 3981 by
1040 3910 1186 3966 cursalres.
1232 3910 1308 3966 Eren

199 3989 264 4044 wilh
281 3988 322 4044 iar
340 3990 391 4044 lesa
408 3987 477 4059 light
494 3988 559 4043 than
577 4005 649 4052 man,
662 3987 732 4044 nom
773 3989 818 4043 tha
833 3987 908 4044 Bible
926 3988 998 4043 often
1016 4005 1154 4060 expresses
1172 3988 1261 4044 truthn
1279 3989 1311 4042 ci

199 4067 246 4122 tha
258 4069 373 4138 peculim
388 4067 529 4122 formation
541 4068 571 4122 ol
580 4067 649 4122 their
661 4084 731 4138 oyes,
772 4067 819 4122 the
829 4067 938 4139 highest
950 4065 1017 4121 kind
1028 4066 1065 4140 by
1078 4084 1171 4122 means
1186 4067 1218 4122 ci
1226 4076 1308 4121 terma

198 4145 286 4201 which
316 4147 393 4202 catch
427 4163 501 4202 more
537 4146 637 4218 raadily
666 4144 732 4200 than
773 4146 880 4200 relativa
910 4154 940 4200 to
969 4163 1012 4208 us,
1043 4144 1099 4201 and
1135 4144 1248 4215 adopted
1279 4154 1308 4199 to

198 4233 286 4281 mau'a
305 4226 340 4281 do
355 4225 401 4280 tha
418 4225 467 4281 iew
485 4243 546 4297 raya
562 4222 652 4280 which
669 4223 733 4279 fluat
773 4242 823 4279 our
840 4222 942 4280 limited
960 4224 1137 4295 intelligemus.
1173 4221 1236 4278 And
1254 4221 1309 4277 thia

198 4306 227 4359 iu
245 4305 291 4360 the
310 4306 349 4360 air
363 4321 429 4360 eren
447 4303 476 4358 in
491 4304 537 4359 tbc
555 4304 644 4376 night.
681 4303 733 4360 For
773 4303 826 4358 will
846 4303 973 4358 continue
994 4301 1073 4358 while
1093 4318 1156 4356 man
1178 4301 1241 4356 does
1260 4299 1310 4356 but

198 4382 311 4447 Telaaic,
325 4401 367 4439 aaa
381 4400 468 4454 sopra,
484 4381 578 4438 1.116.
602 4381 641 4437 11.
651 4395 695 4454 37.
774 4383 879 4436 “know
892 4383 919 4435 in
933 4381 1022 4451 part.”
