3156 5176
614 332 703 398 mu.
721 332 770 398 11.
784 333 838 414 48.
1212 337 1274 400 eor

173 499 261 570 licet
299 499 414 570 motui
454 498 727 596 concrepatione
764 500 913 572 minoris
950 501 1172 583 contrarius3
1214 521 1278 593 per

174 636 283 706 quem
304 635 451 706 corpora
466 635 513 684 ex
536 613 734 706 antipathia
755 615 900 710 fugiunt
918 624 956 686 et
976 616 1102 710 fugant
1121 616 1276 698 inimica,

175 751 284 820 seque
296 728 342 799 ab
355 727 426 800 illis
442 737 616 822 separant,
629 739 693 801 eut
710 729 875 802 cumillis
891 731 1039 803 miscere
1052 753 1089 801 se
1102 739 1276 802 recusant.

175 842 347 929 Quamvis
364 845 461 914 enim
476 845 588 916 videri
604 847 713 938 possit
734 847 772 915 in
788 844 965 938 aliquibus
982 846 1041 916 hio
1062 853 1183 918 motus
1200 867 1277 918 esse

174 967 294 1031 motus
320 967 465 1030 tantum
491 982 556 1052 per
581 961 757 1045 accidens,
785 971 849 1032 aut
877 984 942 1055 per
969 982 1197 1054 consequens,
1223 983 1278 1032 re·

174 1087 300 1168 spectu
334 1083 453 1147 motus
487 1076 760 1173 conprepotionis
789 1077 946 1160 miconis,
977 1078 1060 1170 quia
1092 1085 1278 1170 nequeunt

175 1193 271 1262 coire
286 1191 518 1286 homogenea,
536 1192 604 1262 nisi
622 1191 868 1287 heterogeneis
885 1191 1038 1265 exclusis
1054 1200 1092 1264 et
1109 1192 1276 1264 remotis:

174 1313 297 1378 tamen
321 1305 508 1400 ponendus
533 1313 589 1377 est
613 1316 733 1376 motus
754 1307 822 1378 iste
847 1314 1034 1399 pareest
1058 1306 1096 1376 in
1120 1305 1277 1399 speciem

175 1421 456 1504 constituendus,
477 1420 560 1513 quie
583 1420 621 1490 in
647 1420 771 1492 multis
795 1423 978 1516 appetitus
991 1417 1096 1518 suyoe
1120 1421 1279 1491 cernitur

174 1537 288 1630 magis
304 1535 515 1629 principalis,
532 1557 640 1628 quam
657 1538 838 1631 appetitus
855 1537 1028 1609 coitionis.

227 1651 374 1724 Eminet
390 1659 513 1724 eutem
530 1651 589 1722 hic
612 1663 731 1723 motus
753 1653 942 1746 insigniter
957 1654 995 1722 in
1013 1651 1278 1724 excretionibus

175 1767 405 1852 animalium
430 1791 497 1840 uec
514 1769 632 1840 minus
649 1769 758 1842 etiem
781 1771 819 1840 in
842 1791 1009 1842 sensuum
1025 1767 1278 1840 nonnullorum

175 1885 305 1957 odiosis
330 1883 488 1977 objectis,
506 1886 684 1977 praecipue
714 1885 751 1956 in
778 1883 912 1956 olfactu
941 1893 980 1956 et
1007 1893 1127 1978 gustu.
1179 1881 1280 1955 Odor

176 2003 273 2073 enim
289 2003 434 2073 foetidus
455 2003 508 2073 itc
529 2003 688 2096 rejicitur
707 2002 754 2074 ab
777 2001 922 2085 olfactu,
939 2013 981 2073 ut
998 2001 1107 2074 otiam
1131 2001 1279 2072 inducat

175 2119 214 2188 iu
243 2141 283 2189 os
316 2116 489 2188 stomachi
522 2127 661 2190 motum
696 2117 913 2210 expulsionis
947 2139 1011 2208 per
1044 2137 1279 2198 consensum

175 2257 280 2327 sapor
299 2255 439 2304 amarus
456 2242 495 2305 et
511 2233 672 2305 horridus
695 2235 747 2306 ita
769 2233 928 2325 rejicitur
944 2255 966 2302 a
981 2230 1101 2324 palato
1117 2239 1180 2302 aut
1195 2239 1282 2325 gut·¹

175 2359 269 2433 ture,
282 2358 325 2420 ut
339 2349 488 2421 inducat
504 2371 568 2442 per
583 2371 796 2420 consensum
813 2348 938 2440 capitis
950 2347 1277 2440 conquassationem

176 2473 215 2538 et
232 2465 423 2538 horrorem.
474 2464 723 2538 Veruntamen
740 2467 850 2537 ctiam
876 2467 914 2536 in
940 2464 1018 2536 aliis
1035 2463 1154 2534 locum
1172 2463 1282 2536 hebet

176 2581 246 2652 iste
261 2589 392 2654 motus.
425 2581 651 2675 Conspicitur
666 2582 763 2653 enim
780 2583 818 2651 in
835 2576 1177 2673 antiperistasibusffl
1193 2602 1281 2650 non-

176 2694 305 2779 nullis;
331 2706 373 2767 ut
389 2697 427 2766 in
443 2697 534 2769 aeris
551 2697 670 2768 media
687 2697 842 2791 regione,
855 2696 957 2788 cujus
973 2695 1102 2790 frigora
1114 2695 1282 2766 videntur

177 2832 255 2882 esse
271 2811 482 2904 rejectiones
498 2821 633 2884 naturae
650 2812 785 2907 frigidae
808 2835 855 2883 ex
878 2811 1038 2882 confiniis
1061 2810 1281 2897 coelestium3

177 2927 478 3017 quemadmodum
503 2927 612 2999 etiam
637 2927 802 2999 videntur
831 2927 951 3020 magni
981 2924 1034 2997 illi
1061 2926 1216 2998 fervores
1244 2933 1283 2996 et

176 3040 487 3127 inflammationes,
503 3065 581 3135 quae
601 3042 830 3114 inveniuntur
854 3042 892 3112 in
918 3040 1005 3112 locis
1030 3040 1280 3123 subterraneis,

178 3179 255 3228 eme
284 3159 495 3250 reJectiones
525 3166 659 3230 naturae
689 3157 810 3228 calidoe
838 3157 885 3228 ab
913 3156 1139 3228 interioribus
1167 3163 1281 3227 terrae.

177 3267 286 3342 Color
301 3275 410 3365 „enim
432 3281 470 3346 et
497 3273 617 3369 frigus,
636 3274 665 3346 si
692 3273 825 3344 luerint
851 3274 889 3344 in
912 3280 1047 3365 quanto
1077 3270 1227 3357 minore,
1243 3292 1283 3342 se

177 3387 330 3460 invicem
356 3390 557 3482 perimunt;
582 3391 636 3462 siu
657 3389 791 3462 fuerint
816 3390 853 3460 in
879 3390 1002 3460 massis
1026 3386 1227 3479 mojoribus,
1245 3399 1284 3458 et

177 3511 349 3596 tanquam
363 3505 471 3596 justis
487 3506 713 3590 exercitibus,
732 3515 811 3579 tum
829 3529 912 3580 vero
935 3528 1000 3599 per
1020 3501 1227 3576 conflictum
1244 3525 1282 3576 se

177 3615 266 3691 locis
289 3619 445 3691 invicem
469 3631 704 3708 summovent,
723 3632 761 3696 et
777 3623 935 3716 ejiciunt.
988 3619 1110 3694 Etiam
1127 3619 1283 3702 tradunt,

175 3883 261 3941 terial.
297 3884 361 3940 And
383 3885 533 3942 Boccovich
553 3886 633 3943 holds
654 3887 712 3944 thet
752 3889 853 3944 similar
867 3889 942 3961 poles
955 3890 985 3946 oi
996 3899 1049 3945 two
1063 3887 1198 3960 Magneta.
1235 3885 1286 3940 See

177 3962 224 4018 tlre
237 3971 323 4019 atoma
337 3963 369 4018 ol
380 3963 468 4019 which
481 3982 499 4019 ι
512 3964 621 4038 bodyis
638 3983 711 4022 com·
751 3974 868 4024 account
878 3967 909 4023 oi
917 3967 964 4024 the
976 3967 1047 4023 Nor.
1062 3967 1129 4038 Org.
1143 3961 1285 4037 published

177 4041 262 4114 poead
274 4051 317 4098 act
329 4041 366 4098 on
374 4041 440 4098 each
450 4042 527 4098 other
535 4043 600 4100 with
611 4061 629 4099 a
639 4044 711 4101 force
751 4047 780 4102 in
792 4046 838 4101 the
848 4047 960 4120 Library
971 4047 1001 4103 oi
1006 4047 1103 4104 Useiul
1111 4041 1286 4114 knowledge,

79 4183 83 4193 ¹
179 4119 305 4193 differ-mg
324 4122 353 4176 in
373 4122 500 4194 intensity
520 4123 573 4178 and
595 4124 624 4178 in
644 4123 712 4180 kind
753 4123 807 4181 No.
817 4141 840 4181 a.
856 4143 883 4198 p.
892 4125 988 4198 aii-29.

178 4197 323 4269 according
334 4208 362 4254 to
374 4198 420 4254 the
431 4199 558 4255 deunce
581 4200 641 4256 'l'he
653 4201 712 4258 beet
788 4203 816 4243 Β
826 4202 869 4261 ct.
883 4221 958 4276 supr.
971 4202 1010 4260 11.
1026 4219 1067 4258 ra.
1081 4201 1149 4256 luat.
1163 4215 1214 4265 ²43
1232 4195 1286 4252 and

179 4274 234 4330 and
252 4277 404 4349 “plump”
424 4275 547 4333 loannes
565 4279 597 4335 oi
613 4277 712 4350 Repul·
754 4281 793 4336 11.
808 4293 851 4352 η.

181 4352 239 4408 sion
264 4353 353 4410 would
377 4355 411 4410 bc
434 4354 480 4409 the
504 4355 592 4412 action
616 4357 648 4411 oi
668 4357 713 4412 the
