3268 5146
470 421 474 428 ,
608 349 696 418 LIB.
720 349 763 416 Il.
787 353 840 431 28,
861 371 912 438 29.
1255 350 1322 422 219

219 520 332 586 tarta:
347 517 391 583 ut
405 510 643 606 irregularitas
661 513 736 586 sivo
752 513 976 610 singularitas
993 513 1109 584 omnia
1125 511 1321 606 reperiatur

218 630 376 724 pondera
402 629 448 700 ab
474 628 596 722 aliqua
621 629 737 700 forma
766 631 971 713 commuui;
996 628 1208 700 mimulam
1237 651 1323 700 raro

217 745 307 816 illud
323 745 372 817 ait
389 745 535 818 taudem
551 743 778 818 solummodo
793 747 829 816 in
847 745 1057 817 differentiis
1082 746 1265 832 accuratio,
1283 754 1326 817 at

218 861 346 956 gradu,
372 869 410 932 at
438 883 609 934 oouaurau
636 883 728 946 rara,
758 870 796 932 at
822 881 895 932 uon
922 863 959 932 in
986 861 1063 954 ipra
1088 863 1225 954 spacio:
1259 863 1323 934 ubi

219 999 315 1048 nuno
340 977 660 1070 matamplationaa
684 977 873 1050 hominum
898 999 970 1048 non
997 977 1192 1070 procedant
1217 978 1321 1066 ultra,

220 1113 327 1186 quam
344 1101 387 1164 ut
402 1102 537 1187 ponant
552 1093 755 1188 hujumodi
776 1115 834 1165 roa
854 1115 919 1186 pro
943 1093 1087 1165 moratis
1113 1102 1152 1165 at
1176 1115 1324 1189 magoa-

190 1303 198 1309 .
220 1209 313 1281 libus
330 1219 473 1292 naturae,
492 1218 530 1282 et
546 1218 714 1303 tanquam
736 1207 1021 1291 inoauuabrlibns,
1041 1217 1079 1279 et
1103 1229 1168 1302 pro
1193 1230 1326 1304 axoop·

220 1331 378 1404 tionibus
392 1329 598 1426 ragnrlarum
614 1330 846 1427 generalium.

277 1444 453 1541 Exempla
485 1446 732 1518 instantiarum
765 1443 1024 1518 modicarum
1060 1451 1152 1528 sunt,
1187 1443 1249 1529 ool,
1284 1455 1323 1518 ot

221 1562 318 1647 luna,
336 1562 431 1634 inter
452 1570 566 1649 autra3
592 1583 748 1658 magnes,
768 1563 863 1634 inter
881 1561 1037 1655 lapidem
1062 1569 1250 1656 argentum
1271 1562 1325 1632 vi·

222 1701 319 1762 vom,
335 1680 429 1751 inter
444 1679 609 1763 matalla;
631 1679 784 1774 elephas,
801 1679 895 1751 inter
911 1677 1178 1772 quadrupedem
1199 1699 1323 1752 senous

222 1797 370 1880 venario,
387 1797 483 1868 iuter
498 1819 631 1891 gonaro
646 1805 785 1881 tantum
808 1795 898 1868 odor
913 1797 1093 1868 renatioua
1110 1797 1148 1868 io
1166 1796 1321 1880 oanibua,

221 1913 317 1985 inter
331 1933 462 2008 gadora
485 1912 646 1984 oliaotno.
697 1911 821 1984 Etiam
840 1909 988 1982 Slitora
1007 1911 1101 2004 apud
1117 1911 1327 2006 grammati-

222 2051 284 2102 ooa
299 2029 453 2102 habetur
466 2051 530 2123 pro
550 2029 759 2112 monodioa;
785 2027 834 2099 ob
857 2027 998 2100 facilem
1016 2028 1322 2121 compositionem,

222 2169 329 2240 quam
355 2148 509 2218 sustinet
538 2169 620 2218 oum
646 2144 932 2228 oonaonantibua
958 2143 1147 2237 aliquando
1173 2143 1327 2238 duplioi-

222 2261 298 2346 bus,
315 2261 505 2354 aliquando
522 2261 743 2356 triplioibua:
770 2261 863 2354 quod
887 2260 988 2332 nulla
1007 2261 1077 2332 alia
1100 2259 1204 2332 litera
1223 2261 1321 2332 iacit.

223 2375 372 2448 Plurimi
390 2385 512 2448 autern
529 2377 700 2449 faciendae
716 2383 800 2448 aunt
816 2376 1019 2470 hujusmodi
1037 2377 1225 2460 instantia,
1238 2378 1323 2468 quia

222 2501 358 2566 acuunt
379 2503 417 2566 at
438 2495 618 2566 rioidoant
642 2494 921 2588 inquisitionem,
943 2503 985 2567 ot
1004 2495 1196 2566 medentur
1218 2493 1328 2564 intol-

222 2609 332 2683 leotui
362 2610 552 2705 depravato
577 2635 599 2684 a
624 2610 891 2696 oouauatudina,
918 2619 956 2682 ot
980 2610 1026 2682 ab
1052 2611 1096 2683 iio
1123 2633 1200 2704 qua
1230 2609 1323 2681 finnt

222 2726 430 2821 plerunque.

697 2840 848 2915 XXIX.

275 2959 378 3032 lotar
398 2958 652 3059 praroyatioaa
681 2959 928 3032 instantiarum
958 2981 1133 3054 ponamus
1160 2960 1238 3032 loco
1268 2983 1330 3033 oo·

224 3083 308 3148 toro
332 3077 517 3149 imantia
541 3072 772 3156 laniatam,-
797 3097 933 3148 omoros
958 3077 1093 3148 soilioet
1118 3087 1265 3165 natura,
1289 3087 1327 3150 et

224 3211 324 3286 vaga,
350 3215 392 3264 ao
420 3202 597 3266 monstra:
628 3191 690 3263 ubl
717 3201 844 3264 natura
871 3192 1027 3265 declinat
1054 3203 1093 3266 ot
1120 3194 1281 3267 deflectit
1306 3217 1329 3266 a

224 3331 330 3380 ourau
359 3309 545 3382 ordinario.
606 3307 790 3380 Difforunt
818 3310 915 3380 enim
950 3331 1084 3381 errores
1113 3320 1248 3383 natura
1282 3311 1331 3382 ab

225 3422 405 3496 iaataaiiia
426 3424 617 3498 monodiaio
642 3426 679 3496 ln
703 3425 781 3511 hoo,
798 3425 892 3518 quod
917 3423 1108 3500 monadica
1126 3427 1199 3500 sint
1223 3427 1334 3497 mira·

224 3540 307 3612 onla
325 3544 531 3636 specierum,
550 3551 589 3615 at
604 3563 739 3614 orrares
762 3542 837 3614 aiut
857 3539 1028 3614 miruoula
1050 3539 1333 3614 indiuidnomm.

224 3657 358 3731 Similia
378 3667 500 3731 autam
517 3660 593 3734 iero
615 3667 701 3731 aunt
714 3679 823 3743 nous3
849 3658 932 3751 quia
953 3658 1151 3730 raotifioant
1167 3657 1335 3730 intolloo-

223 3781 302 3846 tum
321 3775 491 3849 advorsus
513 3783 691 3860 oonaoata
709 3783 747 3846 at
768 3774 930 3848 revolant
950 3775 1082 3847 formas
1107 3795 1329 3848 oommunoa.

259 3997 286 4038 ⁷⁶
305 3999 392 4056 'I'haoe
415 4019 459 4057 ara
482 4001 571 4057 Im
591 4001 702 4056 Natura
725 4002 756 4058 iu
795 4001 872 4059 other
889 4001 1103 4074 lriudabytbair
1118 4000 1336 4074 spaciulmdr

223 4076 370 4134 individual
382 4097 465 4146 amaa,
474 4080 528 4136 and
540 4079 617 4136 differ
628 4081 698 4138 irum
709 4080 755 4136 tha
795 4083 891 4137 aritiaa.
927 4081 1015 4136 Thaaa
1034 4080 1070 4136 do
1088 4090 1137 4137 not
1160 4077 1219 4136 laad
1238 4089 1267 4134 to
1287 4078 1333 4133 tho

224 4155 755 4232 sugumhnnminheingappoaod
796 4159 935 4233 <dmm
953 4159 985 4214 oi
1000 4160 1096 4225 Form3
1120 4159 1172 4215 but
1188 4170 1219 4214 to
1238 4157 1334 4213 latent

224 4243 254 4291 to
280 4235 327 4291 tha
355 4239 460 4294 mtrual
483 4255 577 4294 murrae
599 4239 631 4294 oi
653 4238 755 4311 thiagn.
797 4236 1336 4310 Proeaoaaathoyremlpmuiuiueo

223 4313 303 4370 aad·
319 4315 456 4372 tham
470 4335 517 4372 ara
532 4316 696 4383 mutuabat
711 4333 757 4372 ara
796 4313 1299 4374 innatummafl’roducdou.

223 4394 289 4466 only
305 4397 426 4468 strongly
443 4395 554 4454 marked
574 4396 617 4452 off
630 4397 699 4453 irum
720 4397 756 4452 all
