3268 5146
677 347 767 413 LIB.
784 348 894 434 11.13.
1127 409 1132 432 ,
1274 350 1335 413 181

312 507 411 598 nem)
449 516 529 600 post
568 532 704 580 moram
743 509 979 581 sufficientem
1013 533 1078 603 pro
1116 511 1338 582 extinctione

311 622 407 694 illius
437 624 581 695 ascititii
612 624 746 708 caloris,
773 625 818 696 ad
850 625 961 696 talem
989 626 1235 698 extensionem
1264 627 1339 698 sive

311 737 580 823 dimensionem,
598 740 711 832 qualis
737 743 806 811 erit
831 741 919 812 aeris
944 740 1133 811 ambientis
1158 749 1221 812 aut
1243 765 1339 813 com-

310 856 427 926 munis
457 864 544 926 tunc
571 857 751 950 temporis,
778 857 920 949 quando
952 857 1161 928 immittitur
1186 857 1338 939 vitrun13

309 978 419 1063 atque
451 973 608 1045 attrahet
645 997 775 1067 aquam
809 975 847 1044 in
881 995 1018 1044 sursum
1053 975 1097 1044 ad
1136 972 1338 1064 hujusmodi

311 1109 522 1162 mensuram.
573 1089 694 1161 Debet
715 1098 837 1161 autem
863 1089 1015 1182 appendi
1042 1088 1164 1159 charta
1189 1098 1340 1182 angusta

312 1211 350 1273 at
373 1202 535 1298 oblonga,
553 1213 592 1275 et
613 1205 781 1298 gradibus
800 1207 904 1298 (quot
926 1203 1086 1293 libuerit)
1104 1205 1339 1276 interstincta.

313 1317 465 1391 Videbis
486 1329 619 1402 autem,
637 1331 743 1414 prout
761 1329 956 1414 tempestas
977 1320 1047 1390 diei
1071 1320 1254 1392 incalescit
1276 1329 1339 1390 aut

311 1433 479 1528 frigescit,
497 1437 614 1508 aiirem
632 1458 671 1506 se
693 1435 902 1508 contrahere
925 1436 963 1505 in
984 1437 1168 1530 angustius
1192 1459 1255 1528 per
1278 1437 1339 1507 iri-

310 1550 445 1644 gidum,
469 1559 507 1620 et
530 1552 726 1624 extendere
749 1573 787 1622 se
812 1552 851 1621 in
873 1550 979 1624 latius
1002 1573 1066 1644 per
1090 1550 1265 1638 calidum3
1300 1551 1338 1622 id

311 1667 405 1758 quod
429 1668 668 1760 conspicietur
688 1689 752 1760 per
773 1689 903 1760 aquam
919 1667 1172 1738 ascendentem
1194 1667 1337 1758 quando

312 1783 533 1853 contrahitur
561 1785 632 1868 a'e'r,
656 1791 695 1854 et
725 1783 1001 1856 descendentem
1032 1785 1107 1854 sive
1136 1783 1337 1876 depressam

310 1899 451 1991 quando
477 1898 648 1972 dilatatur
675 1901 743 1971 a'e'r.
797 1899 930 1971 Sensus
950 1907 1073 1969 autem
1096 1899 1197 1982 airis,
1215 1906 1337 1991 quate-

310 2036 378 2084 nus
404 2015 449 2084 ad
478 2014 634 2086 calidum
665 2024 703 2088 et
732 2014 911 2110 frigidum,
943 2023 1016 2084 tam
1045 2014 1184 2084 subtilis
1214 2022 1269 2084 est
1300 2027 1337 2084 et

310 2131 517 2222 exquisitus,
545 2141 586 2201 ut
614 2130 823 2202 facultatem
854 2138 970 2200 tactus
1001 2129 1146 2200 humani
1180 2128 1336 2199 multum

309 2255 474 2339 superet;
495 2249 584 2319 adeo
605 2257 647 2318 ut
669 2247 752 2319 solis
778 2247 895 2318 radius
916 2246 1055 2338 aliquis,
1072 2256 1136 2316 aut
1158 2244 1254 2316 calor
1276 2268 1337 2314 an-

311 2362 452 2447 helitus,
471 2363 586 2434 multo
612 2364 726 2458 magis
749 2362 845 2434 calor
867 2385 1000 2444 manus,
1019 2384 1124 2456 super
1140 2363 1221 2432 vitri
1242 2383 1337 2432 sum-

309 2478 473 2552 mitatem
513 2480 658 2573 positus,
693 2479 814 2551 atatim
847 2478 1025 2571 deprimat
1061 2500 1190 2570 aquam
1224 2477 1337 2547 mani-

310 2593 412 2666 festo.
463 2594 637 2668 Attamen
660 2596 916 2676 existimamus,
940 2595 1102 2689 spiritum
1128 2594 1335 2664 animalium

310 2711 423 2804 magis
447 2710 563 2783 adbuc
588 2712 807 2804 exquisitum
837 2731 979 2780 sensum
1007 2709 1137 2780 hebere
1167 2709 1271 2780 calidi
1297 2720 1336 2780 et

311 2826 439 2921 frigidi,
469 2828 537 2898 nisi
568 2827 710 2920 quoda
736 2827 830 2898 mole
860 2847 1027 2918 corporea
1056 2826 1272 2919 impedietur
1296 2833 1335 2896 et

311 2941 513 3015 bebetetur.

236 3063 296 3136 39.
314 3055 401 3129 Post
416 3060 534 3131 adrem
552 3059 796 3130 existimemus
813 3081 959 3152 corpora
975 3081 1052 3130 esse
1076 3057 1232 3126 maxime
1255 3079 1334 3127 sen-

310 3174 414 3245 sitiva
439 3174 563 3247 caloris
588 3197 735 3268 eaquae
760 3197 782 3245 a
805 3173 934 3268 frigore
958 3180 1122 3244 recenter
1143 3172 1334 3241 immutata

310 3289 383 3360 sint
407 3297 446 3360 et
470 3313 678 3384 compressa,
701 3289 817 3382 qualia
841 3297 926 3360 sunt
950 3289 1024 3371 nix,
1051 3295 1089 3358 et
1114 3286 1265 3381 glacies3
1291 3309 1335 3357 ea

310 3407 407 3477 enirn
425 3405 498 3476 leni
515 3405 634 3500 aliquo
652 3416 775 3500 tepore
793 3405 881 3475 solvi
898 3404 1076 3495 incipiunt
1088 3413 1126 3474 et
1140 3402 1333 3494 colliquari.

310 3519 398 3591 Post
421 3520 483 3591 illa
508 3523 668 3614 sequitur
685 3521 832 3591 fortasse
857 3527 1046 3614 argentum
1064 3519 1195 3588 vivum.
1248 3517 1335 3588 Post

308 3635 399 3706 illud
424 3617 622 3730 sequuntur
646 3659 792 3729 corpora
825 3636 981 3729 pinguia,
1007 3643 1049 3706 ut
1074 3635 1205 3718 oleum,
1231 3635 1335 3728 buty-

309 3772 400 3834 rum,
418 3759 456 3820 et
474 3750 619 3834 similia3
638 3751 767 3820 deinde
785 3750 936 3843 lignum;
954 3749 1084 3820 deinde
1102 3773 1204 3843 aqua
1233 3747 1336 3820 Post-

308 3887 407 3936 remo
426 3865 572 3959 lapides,
589 3873 628 3937 et
650 3864 807 3947 metalla,
824 3888 902 3957 quae
927 3887 999 3934 non
1025 3865 1129 3937 facile
1155 3864 1334 3949 calefiunt,

307 3983 501 4073 praesertim
518 3981 676 4052 interius.
730 3978 798 4050 Illa
815 3989 937 4051 tamen
954 3979 1107 4051 calorem
1131 3978 1243 4052 semel
1260 4003 1335 4052 sus·

307 4103 453 4187 ceptum
475 4095 673 4168 diutissime
700 4096 876 4182 retinent;
902 4095 954 4165 ita
971 4103 1013 4166 ut
1032 4095 1131 4180 later,
1148 4104 1213 4166 aut
1235 4094 1335 4188 lapis,

305 4219 368 4281 aut
397 4211 531 4282 ferrum
561 4211 725 4306 ignitum,
752 4209 789 4279 in
818 4210 949 4304 pelvim
974 4233 1074 4304 aquae
1103 4211 1239 4305 frigidae
1269 4212 1335 4279 im-

304 4325 451 4396 missum
481 4334 519 4396 et
549 4325 762 4409 demersum,
791 4348 855 4418 per
883 4335 1046 4418 quartam
1075 4334 1214 4420 partem
1240 4325 1335 4395 horae
