3156 5176
344 319 410 384 822
674 319 848 386 NOVUM
871 317 1121 386 ORGANUM.

345 485 463 558 minus
495 486 592 558 enim
625 491 682 558 est
715 485 823 558 homo
856 492 1022 556 motuum
1056 481 1312 564 violentorum,
1343 479 1455 574 magis

345 623 451 694 qoam
469 611 688 674 ooeteromm.

391 717 457 808 (8.)
474 715 531 788 At
547 719 675 791 tertius
691 741 738 789 ox
755 724 895 810 septem
911 715 1028 788 modis
1043 713 1200 788 refertur
1216 713 1265 785 ad
1282 735 1452 808 maguum

346 832 436 904 iliud
462 857 633 929 organum
660 843 733 906 tam
759 839 895 904 naturae
919 853 1028 925 quum
1052 831 1148 914 artis,
1165 829 1288 923 quoad
1306 850 1453 922 opmun-

346 949 456 1035 dum;
491 950 659 1022 videlieet
683 949 838 1022 ealidum
864 958 903 1020 et
927 949 1108 1044 frigidum.
1159 944 1288 1040 Atque
1318 946 1359 1016 iu
1387 944 1452 1016 bae

346 1075 448 1160 parte
476 1066 654 1138 claudicat
683 1065 789 1159 piane
818 1065 981 1159 potentia
1009 1064 1177 1145 bumana,
1203 1071 1380 1156 tauquam
1407 1083 1451 1132 ex

346 1205 421 1254 uno
437 1181 540 1276 pede.
588 1181 775 1254 Habemus
791 1181 888 1252 euim
905 1179 1058 1252 calorem
1074 1179 1177 1273 ignis,
1194 1179 1258 1271 qui
1276 1176 1451 1250 eoloribus

348 1298 431 1371 solis
447 1297 569 1390 (prout
586 1297 630 1368 ad
649 1319 712 1368 nos
729 1295 955 1384 deferuntur)
973 1305 1012 1366 et
1028 1295 1207 1366 eoloribns
1230 1293 1451 1372 eumalium,

348 1416 446 1508 quasi
473 1415 619 1486 infinitis
645 1413 814 1506 partibus,
831 1413 1013 1507 potentior
1028 1421 1085 1484 est
1106 1419 1146 1482 et
1161 1411 1351 1482 intensior.
1400 1407 1452 1479 At

348 1529 450 1600 deest
476 1529 596 1623 frigus,
619 1529 686 1600 nisi
709 1527 814 1620 quale
839 1551 904 1621 per
922 1536 1155 1622 tempestates
1178 1525 1376 1620 hyemales.
1391 1535 1453 1596 aut

348 1665 413 1737 per
436 1667 611 1728 cavernas,
637 1651 701 1715 eut
727 1666 791 1736 per
812 1642 1109 1714 eiroumdetiones
1134 1641 1226 1713 nivis
1249 1649 1290 1714 et
1316 1639 1452 1734 glaciei,

348 1759 470 1832 heberi
500 1769 644 1852 potest:
680 1760 776 1852 quod
804 1761 843 1830 iu
872 1760 1136 1852 comparatione
1170 1758 1304 1850 equari
1336 1765 1454 1850 potest

348 1898 430 1948 oum
449 1875 566 1948 celere
585 1875 733 1947 fortasse
757 1873 841 1946 solis
866 1875 1072 1958 meridiano,
1096 1875 1135 1944 in
1160 1875 1310 1967 regione
1336 1872 1454 1966 ulique

349 2015 396 2064 ex
413 1991 568 2074 torridis,
583 1999 690 2062 auoto
705 1991 849 2084 insuper
866 2011 931 2084 per
946 1991 1251 2062 reverberatioues
1272 1991 1454 2062 montium

349 2118 389 2180 et
405 2108 603 2201 parietum:
625 2128 708 2178 nam
725 2106 940 2200 hujusmodi,
957 2106 1082 2200 utique
1099 2117 1174 2178 tam
1192 2106 1332 2179 calores
1347 2128 1454 2200 quam

349 2223 490 2318 frigora,
507 2223 554 2294 ab
569 2221 781 2294 animalibus
796 2223 843 2294 ad
861 2233 1003 2316 tempus
1020 2225 1195 2317 exiguum
1211 2223 1360 2296 tolerari
1378 2245 1454 2316 pos·

349 2350 444 2410 sunt.
470 2337 588 2410 Nihili
606 2349 727 2410 autem
744 2347 829 2410 sunt
845 2339 920 2411 fere
937 2360 1007 2432 pne
1023 2341 1140 2410 ealore
1156 2340 1314 2412 fornacis
1331 2340 1456 2412 erden-

349 2455 407 2538 tis,
423 2463 486 2524 aut
509 2452 657 2546 aiicujus
673 2454 814 2548 frigoris
832 2454 928 2548 quod
945 2454 1028 2525 huie
1044 2455 1171 2548 gradui
1194 2451 1454 2550 respoudeutss.

349 2565 477 2661 Itaque
500 2569 620 2640 omnie
641 2569 700 2642 hio
720 2571 815 2664 opud
837 2593 902 2642 uos
919 2579 1074 2666 vergunt
1097 2572 1143 2642 ed
1168 2571 1454 2652 roreiaetiouem,

349 2693 389 2756 et
404 2685 690 2770 desiccationem.
706 2696 744 2759 et
761 2689 1091 2781 consumptionem:
1108 2687 1198 2760 nihii
1215 2689 1293 2760 fere
1310 2690 1359 2762 ad
1377 2711 1458 2762 oon-

350 2800 604 2884 domationem,
628 2813 667 2874 ot
697 2801 1003 2881 inteneratiouem.
1028 2805 1097 2876 uisi
1126 2827 1190 2897 per
1218 2807 1392 2878 misturae
1420 2813 1456 2876 et

350 2917 475 2991 modos
502 2919 600 3012 quasi
629 2921 776 3014 spurios.
833 2919 955 3005 Quare
982 2921 1160 2992 instantioe
1187 2921 1331 3016 frigoris
1359 2921 1455 2992 omni

349 3035 537 3130 diligentie
561 3045 645 3108 sunt
670 3036 938 3128 conquirendae:
965 3035 1088 3130 quales
1111 3037 1282 3108 videntur
1304 3037 1455 3110 inveniri

351 3153 389 3222 iu
423 3152 645 3245 expositione
677 3174 865 3245 corporum
897 3173 1003 3245 super
1031 3161 1146 3224 turres
1180 3155 1326 3246 quaudo
1359 3154 1456 3250 gelat

351 3267 501 3342 acriter:
528 3269 564 3338 iu
582 3268 741 3339 oarernis
762 3267 1020 3340 subterraneis:
1047 3269 1389 3342 circumdationibus
1405 3271 1456 3342 ui·

352 3381 404 3450 vis
421 3391 460 3452 et
475 3381 613 3477 glaciei,
631 3383 669 3453 iu
695 3381 782 3454 iocis
807 3383 1104 3477 profundioribus,
1121 3394 1159 3457 et
1183 3387 1230 3457 ad
1255 3387 1326 3458 boe
1351 3409 1457 3460 exee-

352 3497 462 3568 vatis:
488 3499 703 3570 demissione
725 3522 913 3592 corporum
929 3501 966 3572 in
990 3511 1135 3594 puteos:
1161 3502 1356 3596 sepulturis
1382 3528 1456 3576 eor·

354 3633 481 3704 porum
497 3615 533 3684 in
551 3625 699 3709 urgento
717 3615 797 3686 vivo
822 3626 862 3688 et
885 3617 1059 3690 metallis:
1086 3618 1315 3694 immersione
1333 3643 1455 3715 eorpo

354 3749 433 3796 rum
451 3730 488 3800 in
505 3732 615 3823 aquis,
632 3753 711 3824 qua:
726 3739 872 3802 vertunt
889 3731 986 3828 ligne
1007 3735 1044 3804 in
1068 3733 1226 3829 lapides:
1253 3736 1455 3810 defossione

353 3865 540 3934 corporum
558 3848 595 3915 in
613 3854 729 3928 terro:
756 3849 884 3942 (qualis
907 3849 1020 3922 fertur
1042 3851 1136 3945 apud
1155 3849 1354 3926 Chiuenses
1381 3877 1456 3926 eme

354 3959 532 4032 eonfeotio
548 3961 800 4055 poroelianae¹⁶,
813 3967 875 4037 ubi
887 3989 1010 4040 musaeo
1025 3969 1071 4042 ed
1089 3969 1157 4040 hoe
1171 3969 1274 4042 faotae
1287 3971 1458 4044 dicuntur

394 4157 417 4199 ¹⁵
436 4157 485 4214 See
498 4177 571 4230 supr.
586 4159 624 4217 11.
635 4177 677 4216 oo.
691 4162 766 4231 (note
778 4161 836 4233 36.)
926 4162 972 4219 the
990 4163 1458 4235 prsperedearthsvoreburiedior
1526 4199 1531 4206 ·

394 4235 418 4277 ¹⁸
436 4237 581 4294 Perceiain.
637 4241 696 4295 The
714 4242 786 4296 word
816 4241 889 4296 itseli
926 4244 1019 4316 along
1029 4243 1216 4310 timemitis
1236 4244 1345 4302 derived
1361 4247 1456 4318 probs·

356 4317 433 4372 bears
452 4319 596 4390 testimony
615 4328 643 4375 to
663 4319 710 4374 the
730 4319 812 4375 belief
829 4319 886 4374 that
927 4322 973 4394 bip
991 4321 1059 4376 irom
1078 4340 1094 4377 a
1111 4323 1280 4395 qumi-hdo
1299 4325 1374 4381 word
1394 4343 1457 4398 pro·
