<?xml version="1.0" encoding="UTF-8"?>
<!DOCTYPE html PUBLIC "-//W3C//DTD XHTML 1.0 Transitional//EN"
    "http://www.w3.org/TR/xhtml1/DTD/xhtml1-transitional.dtd">
<html xmlns="http://www.w3.org/1999/xhtml" xml:lang="en" lang="en">
 <head>
  <title>
</title>
<meta http-equiv="Content-Type" content="text/html;charset=utf-8" />
  <meta name='ocr-system' content='tesseract 3.04.00' />
  <meta name='ocr-capabilities' content='ocr_page ocr_carea ocr_par ocr_line ocrx_word'/>
</head>
<body>
  <div class='ocr_page' id='page_1' title='image "./franciscibaconi01kitcgoog_0341.png"; bbox 0 0 3156 5176; ppageno 0'>
   <div class='ocr_carea' id='block_1_1' title="bbox 333 355 1107 426">
    <p class='ocr_par' dir='ltr' id='par_1_1' title="bbox 333 355 1107 426">
     <span class='ocr_line' id='line_1_1' title="bbox 333 355 1107 426; baseline -0.004 -2"><span class='ocrx_word' id='word_1_1' title='bbox 333 359 398 426; x_wconf 73' lang='lat'>812</span> <span class='ocrx_word' id='word_1_2' title='bbox 661 355 835 426; x_wconf 86' lang='lat' dir='ltr'><strong>NOVUM</strong></span> <span class='ocrx_word' id='word_1_3' title='bbox 858 355 1107 425; x_wconf 80' lang='lat' dir='ltr'>ORGANUM.</span> 
     </span>
    </p>
   </div>
   <div class='ocr_carea' id='block_1_2' title="bbox 333 521 1440 736">
    <p class='ocr_par' dir='ltr' id='par_1_2' title="bbox 333 521 1440 736">
     <span class='ocr_line' id='line_1_2' title="bbox 334 521 1440 617; baseline -0.01 -19"><span class='ocrx_word' id='word_1_4' title='bbox 334 547 435 598; x_wconf 89' lang='lat' dir='ltr'>snam</span> <span class='ocrx_word' id='word_1_5' title='bbox 465 522 594 617; x_wconf 88' lang='lat' dir='ltr'>(quoad</span> <span class='ocrx_word' id='word_1_6' title='bbox 622 523 784 616; x_wconf 79' lang='lat' dir='ltr'>possunt)</span> <span class='ocrx_word' id='word_1_7' title='bbox 815 531 973 596; x_wconf 88' lang='lat' dir='ltr'>tuentur.</span> <span class='ocrx_word' id='word_1_8' title='bbox 1024 523 1133 608; x_wconf 85' lang='lat' dir='ltr'>Quod</span> <span class='ocrx_word' id='word_1_9' title='bbox 1161 521 1191 594; x_wconf 89' lang='lat' dir='ltr'>si</span> <span class='ocrx_word' id='word_1_10' title='bbox 1220 521 1266 593; x_wconf 79' lang='lat' dir='ltr'>ed</span> <span class='ocrx_word' id='word_1_11' title='bbox 1296 525 1440 590; x_wconf 90' lang='lat' dir='ltr'>motum</span> 
     </span>
     <span class='ocr_line' id='line_1_3' title="bbox 333 638 1440 736; baseline -0.009 -24"><span class='ocrx_word' id='word_1_12' title='bbox 333 638 602 733; x_wconf 76' lang='lat' dir='ltr'><strong>compellantur,</strong></span> <span class='ocrx_word' id='word_1_13' title='bbox 633 649 754 710; x_wconf 77' lang='lat' dir='ltr'>tamma</span> <span class='ocrx_word' id='word_1_14' title='bbox 783 639 852 712; x_wconf 88' lang='lat' dir='ltr'>boc</span> <span class='ocrx_word' id='word_1_15' title='bbox 886 663 992 736; x_wconf 88' lang='lat' dir='ltr'>agere</span> <span class='ocrx_word' id='word_1_16' title='bbox 1022 661 1163 734; x_wconf 88' lang='lat' dir='ltr'>semper</span> <span class='ocrx_word' id='word_1_17' title='bbox 1186 638 1369 718; x_wconf 86' lang='lat' dir='ltr'>videntur,</span> <span class='ocrx_word' id='word_1_18' title='bbox 1396 640 1440 702; x_wconf 90' lang='lat' dir='ltr'>nt</span> 
     </span>
    </p>
   </div>
   <div class='ocr_carea' id='block_1_3' title="bbox 334 751 1559 853">
    <p class='ocr_par' dir='ltr' id='par_1_3' title="bbox 334 751 1559 853">
     <span class='ocr_line' id='line_1_4' title="bbox 334 751 1559 853; baseline -0.007 -25"><span class='ocrx_word' id='word_1_19' title='bbox 334 757 493 850; x_wconf 86' lang='lat' dir='ltr'>quietem</span> <span class='ocrx_word' id='word_1_20' title='bbox 524 765 724 828; x_wconf 82' lang='lat' dir='ltr'>statatum</span> <span class='ocrx_word' id='word_1_21' title='bbox 753 779 857 830; x_wconf 93' lang='lat' dir='ltr'>suum</span> <span class='ocrx_word' id='word_1_22' title='bbox 884 767 1106 853; x_wconf 72' lang='lat' dir='ltr'>recuperent,</span> <span class='ocrx_word' id='word_1_23' title='bbox 1136 779 1255 850; x_wconf 89' lang='lat' dir='ltr'>neque</span> <span class='ocrx_word' id='word_1_24' title='bbox 1285 751 1439 847; x_wconf 86' lang='lat' dir='ltr'>amplius</span> <span class='ocrx_word' id='word_1_25' title='bbox 1558 751 1559 820; x_wconf 69' lang='lat' dir='ltr'>l</span> 
     </span>
    </p>
   </div>
   <div class='ocr_carea' id='block_1_4' title="bbox 333 869 1439 968">
    <p class='ocr_par' dir='ltr' id='par_1_4' title="bbox 333 869 1439 968">
     <span class='ocr_line' id='line_1_5' title="bbox 333 869 1439 968; baseline -0.007 -24"><span class='ocrx_word' id='word_1_26' title='bbox 333 881 513 944; x_wconf 83' lang='lat' dir='ltr'>moveant.</span> <span class='ocrx_word' id='word_1_27' title='bbox 565 871 689 964; x_wconf 86' lang='lat' dir='ltr'>Atque</span> <span class='ocrx_word' id='word_1_28' title='bbox 710 873 804 944; x_wconf 86' lang='lat' dir='ltr'>circa</span> <span class='ocrx_word' id='word_1_29' title='bbox 820 873 888 945; x_wconf 93' lang='lat' dir='ltr'>hoc</span> <span class='ocrx_word' id='word_1_30' title='bbox 911 883 1009 946; x_wconf 85' lang='lat' dir='ltr'>certe</span> <span class='ocrx_word' id='word_1_31' title='bbox 1027 895 1067 946; x_wconf 90' lang='lat' dir='ltr'>se</span> <span class='ocrx_word' id='word_1_32' title='bbox 1088 871 1196 968; x_wconf 89' lang='lat' dir='ltr'>agilia</span> <span class='ocrx_word' id='word_1_33' title='bbox 1211 869 1384 965; x_wconf 83' lang='lat' dir='ltr'>praebcnt,</span> <span class='ocrx_word' id='word_1_34' title='bbox 1400 873 1439 936; x_wconf 86' lang='lat' dir='ltr'>ct</span> 
     </span>
    </p>
   </div>
   <div class='ocr_carea' id='block_1_5' title="bbox 334 982 1559 1208">
    <p class='ocr_par' dir='ltr' id='par_1_5' title="bbox 334 982 1559 1208">
     <span class='ocr_line' id='line_1_6' title="bbox 334 982 1559 1088; baseline 0.006 -30"><span class='ocrx_word' id='word_1_35' title='bbox 334 989 420 1059; x_wconf 88' lang='lat' dir='ltr'>satis</span> <span class='ocrx_word' id='word_1_36' title='bbox 447 989 638 1082; x_wconf 80' lang='lat' dir='ltr'>perniciter</span> <span class='ocrx_word' id='word_1_37' title='bbox 666 997 705 1060; x_wconf 88' lang='lat' dir='ltr'>et</span> <span class='ocrx_word' id='word_1_38' title='bbox 731 989 853 1082; x_wconf 86' lang='lat' dir='ltr'>rapide</span> <span class='ocrx_word' id='word_1_39' title='bbox 884 994 941 1078; x_wconf 85' lang='lat' dir='ltr'>(ut</span> <span class='ocrx_word' id='word_1_40' title='bbox 969 999 1118 1083; x_wconf 70' lang='lat' dir='ltr'>perissa</span> <span class='ocrx_word' id='word_1_41' title='bbox 1147 996 1186 1060; x_wconf 92' lang='lat' dir='ltr'>et</span> <span class='ocrx_word' id='word_1_42' title='bbox 1212 982 1440 1080; x_wconf 71' lang='lat' dir='ltr'>impatientia</span> <span class='ocrx_word' id='word_1_43' title='bbox 1558 1021 1559 1088; x_wconf 80' lang='lat' dir='ltr'>j</span> 
     </span>
     <span class='ocr_line' id='line_1_7' title="bbox 334 1101 1559 1208; baseline -0.002 -32"><span class='ocrx_word' id='word_1_44' title='bbox 334 1105 450 1176; x_wconf 89' lang='lat' dir='ltr'>omnis</span> <span class='ocrx_word' id='word_1_45' title='bbox 482 1105 605 1195; x_wconf 75' lang='lat' dir='ltr'>mora)</span> <span class='ocrx_word' id='word_1_46' title='bbox 643 1105 876 1176; x_wconf 91' lang='lat' dir='ltr'>contendunt.</span> <span class='ocrx_word' id='word_1_47' title='bbox 944 1103 1064 1197; x_wconf 88' lang='lat' dir='ltr'>Hujus</span> <span class='ocrx_word' id='word_1_48' title='bbox 1101 1113 1225 1175; x_wconf 88' lang='lat' dir='ltr'>autem</span> <span class='ocrx_word' id='word_1_49' title='bbox 1258 1101 1440 1194; x_wconf 85' lang='lat' dir='ltr'>appetitus</span> <span class='ocrx_word' id='word_1_50' title='bbox 1558 1117 1559 1208; x_wconf 38' lang='grc' dir='ltr'><em>ᾗ</em></span> 
     </span>
    </p>
   </div>
   <div class='ocr_carea' id='block_1_6' title="bbox 334 1212 1437 1314">
    <p class='ocr_par' dir='ltr' id='par_1_6' title="bbox 334 1212 1437 1314">
     <span class='ocr_line' id='line_1_8' title="bbox 334 1212 1437 1314; baseline -0.006 -25"><span class='ocrx_word' id='word_1_51' title='bbox 334 1219 453 1312; x_wconf 92' lang='lat' dir='ltr'>imago</span> <span class='ocrx_word' id='word_1_52' title='bbox 483 1241 529 1290; x_wconf 83' lang='lat' dir='ltr'>ex</span> <span class='ocrx_word' id='word_1_53' title='bbox 558 1227 660 1312; x_wconf 87' lang='lat' dir='ltr'>parte</span> <span class='ocrx_word' id='word_1_54' title='bbox 689 1227 832 1291; x_wconf 85' lang='lat' dir='ltr'>tantum</span> <span class='ocrx_word' id='word_1_55' title='bbox 856 1221 952 1291; x_wconf 90' lang='lat' dir='ltr'>cerni</span> <span class='ocrx_word' id='word_1_56' title='bbox 980 1227 1120 1314; x_wconf 86' lang='lat' dir='ltr'>potest;</span> <span class='ocrx_word' id='word_1_57' title='bbox 1151 1221 1236 1312; x_wconf 84' lang='lat' dir='ltr'>qnia</span> <span class='ocrx_word' id='word_1_58' title='bbox 1259 1217 1320 1288; x_wconf 91' lang='lat' dir='ltr'>hic</span> <span class='ocrx_word' id='word_1_59' title='bbox 1344 1212 1437 1308; x_wconf 87' lang='lat' dir='ltr'>apud</span> 
     </span>
    </p>
   </div>
   <div class='ocr_carea' id='block_1_7' title="bbox 334 1309 1559 1418">
    <p class='ocr_par' dir='ltr' id='par_1_7' title="bbox 334 1309 1559 1418">
     <span class='ocr_line' id='line_1_9' title="bbox 334 1309 1559 1418; baseline -0.007 -12"><span class='ocrx_word' id='word_1_60' title='bbox 334 1355 411 1418; x_wconf 90' lang='lat' dir='ltr'>nos,</span> <span class='ocrx_word' id='word_1_61' title='bbox 442 1357 488 1406; x_wconf 88' lang='lat' dir='ltr'>ex</span> <span class='ocrx_word' id='word_1_62' title='bbox 519 1334 727 1406; x_wconf 75' lang='lat' dir='ltr'>subactione</span> <span class='ocrx_word' id='word_1_63' title='bbox 757 1344 795 1408; x_wconf 88' lang='lat' dir='ltr'>et</span> <span class='ocrx_word' id='word_1_64' title='bbox 829 1337 1059 1408; x_wconf 88' lang='lat' dir='ltr'>concoctione</span> <span class='ocrx_word' id='word_1_65' title='bbox 1092 1335 1303 1417; x_wconf 83' lang='lat' dir='ltr'>coelestium,</span> <span class='ocrx_word' id='word_1_66' title='bbox 1334 1351 1440 1402; x_wconf 88' lang='lat' dir='ltr'>omne</span> <span class='ocrx_word' id='word_1_67' title='bbox 1558 1309 1559 1328; x_wconf 42' lang='lat'><em>³</em></span> 
     </span>
    </p>
   </div>
   <div class='ocr_carea' id='block_1_8' title="bbox 334 1448 1447 3171">
    <p class='ocr_par' dir='ltr' id='par_1_8' title="bbox 334 1448 1447 3171">
     <span class='ocr_line' id='line_1_10' title="bbox 334 1448 1441 1546; baseline -0.004 -24"><span class='ocrx_word' id='word_1_68' title='bbox 334 1450 507 1546; x_wconf 85' lang='lat' dir='ltr'>tangibile</span> <span class='ocrx_word' id='word_1_69' title='bbox 530 1473 602 1521; x_wconf 93' lang='lat' dir='ltr'>non</span> <span class='ocrx_word' id='word_1_70' title='bbox 625 1459 767 1523; x_wconf 90' lang='lat' dir='ltr'>tantum</span> <span class='ocrx_word' id='word_1_71' title='bbox 792 1475 862 1524; x_wconf 94' lang='lat' dir='ltr'>non</span> <span class='ocrx_word' id='word_1_72' title='bbox 881 1452 1139 1525; x_wconf 89' lang='lat' dir='ltr'>condensatum</span> <span class='ocrx_word' id='word_1_73' title='bbox 1163 1459 1220 1524; x_wconf 90' lang='lat' dir='ltr'>cst</span> <span class='ocrx_word' id='word_1_74' title='bbox 1241 1451 1287 1522; x_wconf 88' lang='lat' dir='ltr'>ad</span> <span class='ocrx_word' id='word_1_75' title='bbox 1304 1448 1441 1521; x_wconf 90' lang='lat' dir='ltr'>ultimi·</span> 
     </span>
     <span class='ocr_line' id='line_1_11' title="bbox 334 1566 1302 1663; baseline -0.004 -25"><span class='ocrx_word' id='word_1_76' title='bbox 334 1576 461 1650; x_wconf 87' lang='lat' dir='ltr'>tatem,</span> <span class='ocrx_word' id='word_1_77' title='bbox 478 1566 539 1639; x_wconf 89' lang='lat' dir='ltr'>sed</span> <span class='ocrx_word' id='word_1_78' title='bbox 558 1569 667 1638; x_wconf 88' lang='lat' dir='ltr'>ctiam</span> <span class='ocrx_word' id='word_1_79' title='bbox 685 1591 767 1638; x_wconf 91' lang='lat' dir='ltr'>cum</span> <span class='ocrx_word' id='word_1_80' title='bbox 785 1568 910 1663; x_wconf 89' lang='lat' dir='ltr'>spiritu</span> <span class='ocrx_word' id='word_1_81' title='bbox 929 1567 1102 1640; x_wconf 91' lang='lat' dir='ltr'>nonnullo</span> <span class='ocrx_word' id='word_1_82' title='bbox 1118 1570 1302 1639; x_wconf 88' lang='lat' dir='ltr'>miscetur.</span> 
     </span>
     <span class='ocr_line' id='line_1_12' title="bbox 387 1681 1442 1778; baseline -0.002 -24"><span class='ocrx_word' id='word_1_83' title='bbox 387 1681 641 1776; x_wconf 88' lang='lat' dir='ltr'>Proposuimus</span> <span class='ocrx_word' id='word_1_84' title='bbox 664 1685 785 1776; x_wconf 88' lang='lat' dir='ltr'>itaque</span> <span class='ocrx_word' id='word_1_85' title='bbox 799 1687 878 1777; x_wconf 88' lang='lat' dir='ltr'>jam</span> <span class='ocrx_word' id='word_1_86' title='bbox 894 1685 1040 1778; x_wconf 90' lang='lat' dir='ltr'>species,</span> <span class='ocrx_word' id='word_1_87' title='bbox 1057 1683 1132 1756; x_wconf 87' lang='lat' dir='ltr'>sive</span> <span class='ocrx_word' id='word_1_88' title='bbox 1154 1683 1338 1756; x_wconf 87' lang='lat' dir='ltr'>elementa</span> <span class='ocrx_word' id='word_1_89' title='bbox 1358 1682 1442 1752; x_wconf 91' lang='lat' dir='ltr'>sim·</span> 
     </span>
     <span class='ocr_line' id='line_1_13' title="bbox 336 1798 1442 1893; baseline -0.003 -24"><span class='ocrx_word' id='word_1_90' title='bbox 336 1799 445 1893; x_wconf 89' lang='lat' dir='ltr'>plicia</span> <span class='ocrx_word' id='word_1_91' title='bbox 476 1805 653 1882; x_wconf 92' lang='lat' dir='ltr'>motunm,</span> <span class='ocrx_word' id='word_1_92' title='bbox 687 1798 924 1893; x_wconf 81' lang='lat' dir='ltr'>appetituum,</span> <span class='ocrx_word' id='word_1_93' title='bbox 953 1807 992 1870; x_wconf 83' lang='lat' dir='ltr'>et</span> <span class='ocrx_word' id='word_1_94' title='bbox 1024 1800 1199 1870; x_wconf 85' lang='lat' dir='ltr'>virtutum</span> <span class='ocrx_word' id='word_1_95' title='bbox 1233 1799 1442 1878; x_wconf 80' lang='lat' dir='ltr'>actisarum,</span> 
     </span>
     <span class='ocr_line' id='line_1_14' title="bbox 338 1913 1442 2008; baseline -0.004 -23"><span class='ocrx_word' id='word_1_96' title='bbox 338 1937 416 2007; x_wconf 79' lang='lat' dir='ltr'>qne</span> <span class='ocrx_word' id='word_1_97' title='bbox 440 1923 525 1985; x_wconf 90' lang='lat' dir='ltr'>sunt</span> <span class='ocrx_word' id='word_1_98' title='bbox 547 1915 730 1986; x_wconf 84' lang='lat' dir='ltr'>innatare</span> <span class='ocrx_word' id='word_1_99' title='bbox 745 1916 902 1986; x_wconf 86' lang='lat' dir='ltr'>maxime</span> <span class='ocrx_word' id='word_1_100' title='bbox 925 1913 1110 1986; x_wconf 83' lang='lat' dir='ltr'>catholica</span> <span class='ocrx_word' id='word_1_101' title='bbox 1162 1915 1294 2008; x_wconf 85' lang='lat' dir='ltr'>Neque</span> <span class='ocrx_word' id='word_1_102' title='bbox 1317 1935 1442 2007; x_wconf 86' lang='lat' dir='ltr'>parum</span> 
     </span>
     <span class='ocr_line' id='line_1_15' title="bbox 337 2030 1444 2103; baseline -0.005 0"><span class='ocrx_word' id='word_1_103' title='bbox 337 2030 495 2103; x_wconf 78' lang='lat' dir='ltr'>scientie</span> <span class='ocrx_word' id='word_1_104' title='bbox 516 2030 687 2103; x_wconf 87' lang='lat' dir='ltr'>naturalis</span> <span class='ocrx_word' id='word_1_105' title='bbox 710 2031 776 2102; x_wconf 90' lang='lat' dir='ltr'>snb</span> <span class='ocrx_word' id='word_1_106' title='bbox 800 2030 871 2102; x_wconf 90' lang='lat' dir='ltr'>illis</span> <span class='ocrx_word' id='word_1_107' title='bbox 894 2031 1145 2103; x_wconf 88' lang='lat' dir='ltr'>adumbratum</span> <span class='ocrx_word' id='word_1_108' title='bbox 1162 2039 1227 2103; x_wconf 90' lang='lat' dir='ltr'>est.</span> <span class='ocrx_word' id='word_1_109' title='bbox 1278 2031 1366 2103; x_wconf 92' lang='lat' dir='ltr'>Non</span> <span class='ocrx_word' id='word_1_110' title='bbox 1383 2051 1444 2100; x_wconf 91' lang='lat' dir='ltr'>ne-</span> 
     </span>
     <span class='ocr_line' id='line_1_16' title="bbox 337 2147 1443 2244; baseline 0.001 -27"><span class='ocrx_word' id='word_1_111' title='bbox 337 2169 462 2241; x_wconf 89' lang='lat' dir='ltr'>gamus</span> <span class='ocrx_word' id='word_1_112' title='bbox 496 2156 628 2244; x_wconf 78' lang='lat' dir='ltr'>mmen,</span> <span class='ocrx_word' id='word_1_113' title='bbox 661 2155 700 2218; x_wconf 90' lang='lat' dir='ltr'>et</span> <span class='ocrx_word' id='word_1_114' title='bbox 733 2147 820 2220; x_wconf 88' lang='lat' dir='ltr'>alias</span> <span class='ocrx_word' id='word_1_115' title='bbox 852 2149 988 2241; x_wconf 82' lang='lat' dir='ltr'>species</span> <span class='ocrx_word' id='word_1_116' title='bbox 1022 2147 1170 2219; x_wconf 64' lang='lat' dir='ltr'>forme</span> <span class='ocrx_word' id='word_1_117' title='bbox 1202 2147 1286 2218; x_wconf 85' lang='lat' dir='ltr'>addi</span> <span class='ocrx_word' id='word_1_118' title='bbox 1320 2167 1443 2240; x_wconf 88' lang='lat' dir='ltr'>posse;</span> 
     </span>
     <span class='ocr_line' id='line_1_17' title="bbox 338 2263 1443 2356; baseline -0.002 -22"><span class='ocrx_word' id='word_1_119' title='bbox 338 2271 446 2356; x_wconf 86' lang='lat' dir='ltr'>atque</span> <span class='ocrx_word' id='word_1_120' title='bbox 475 2263 561 2333; x_wconf 88' lang='lat' dir='ltr'>istas</span> <span class='ocrx_word' id='word_1_121' title='bbox 593 2263 686 2356; x_wconf 86' lang='lat' dir='ltr'>ipsas</span> <span class='ocrx_word' id='word_1_122' title='bbox 711 2263 901 2335; x_wconf 75' lang='lat' dir='ltr'>divisiones</span> <span class='ocrx_word' id='word_1_123' title='bbox 925 2265 1121 2335; x_wconf 85' lang='lat' dir='ltr'>secundnm</span> <span class='ocrx_word' id='word_1_124' title='bbox 1146 2263 1301 2336; x_wconf 69' lang='lat' dir='ltr'>remores</span> <span class='ocrx_word' id='word_1_125' title='bbox 1325 2285 1443 2334; x_wconf 89' lang='lat' dir='ltr'>rernm</span> 
     </span>
     <span class='ocr_line' id='line_1_18' title="bbox 337 2379 1444 2474; baseline 0.004 -28"><span class='ocrx_word' id='word_1_126' title='bbox 337 2401 446 2450; x_wconf 83' lang='lat' dir='ltr'>venas</span> <span class='ocrx_word' id='word_1_127' title='bbox 468 2379 669 2464; x_wconf 83' lang='lat' dir='ltr'>tmnsierri3</span> <span class='ocrx_word' id='word_1_128' title='bbox 695 2379 851 2472; x_wconf 86' lang='lat' dir='ltr'>denique</span> <span class='ocrx_word' id='word_1_129' title='bbox 874 2381 913 2450; x_wconf 95' lang='lat' dir='ltr'>in</span> <span class='ocrx_word' id='word_1_130' title='bbox 930 2381 1104 2452; x_wconf 89' lang='lat' dir='ltr'>minorem</span> <span class='ocrx_word' id='word_1_131' title='bbox 1129 2403 1320 2452; x_wconf 87' lang='lat' dir='ltr'>nnmerum</span> <span class='ocrx_word' id='word_1_132' title='bbox 1341 2401 1444 2474; x_wconf 86' lang='lat' dir='ltr'>posse</span> 
     </span>
     <span class='ocr_line' id='line_1_19' title="bbox 338 2491 1444 2590; baseline 0.004 -26"><span class='ocrx_word' id='word_1_133' title='bbox 338 2495 462 2588; x_wconf 90' lang='lat' dir='ltr'>redigi.</span> <span class='ocrx_word' id='word_1_134' title='bbox 519 2491 652 2586; x_wconf 87' lang='lat' dir='ltr'>Neque</span> <span class='ocrx_word' id='word_1_135' title='bbox 682 2504 803 2566; x_wconf 88' lang='lat' dir='ltr'>tamen</span> <span class='ocrx_word' id='word_1_136' title='bbox 833 2495 902 2566; x_wconf 90' lang='lat' dir='ltr'>boc</span> <span class='ocrx_word' id='word_1_137' title='bbox 932 2496 978 2565; x_wconf 87' lang='lat' dir='ltr'>dc</span> <span class='ocrx_word' id='word_1_138' title='bbox 1006 2497 1238 2569; x_wconf 84' lang='lat' dir='ltr'>divisionibus</span> <span class='ocrx_word' id='word_1_139' title='bbox 1266 2496 1444 2590; x_wconf 81' lang='lat' dir='ltr'>aliquibus</span> 
     </span>
     <span class='ocr_line' id='line_1_20' title="bbox 340 2607 1446 2707; baseline 0.002 -27"><span class='ocrx_word' id='word_1_140' title='bbox 340 2607 527 2682; x_wconf 87' lang='lat' dir='ltr'>abstractis</span> <span class='ocrx_word' id='word_1_141' title='bbox 560 2609 822 2706; x_wconf 82' lang='lat' dir='ltr'>intelligimus:</span> <span class='ocrx_word' id='word_1_142' title='bbox 856 2611 970 2682; x_wconf 84' lang='lat' dir='ltr'>veluti</span> <span class='ocrx_word' id='word_1_143' title='bbox 995 2614 1024 2682; x_wconf 88' lang='lat' dir='ltr'>si</span> <span class='ocrx_word' id='word_1_144' title='bbox 1055 2614 1135 2705; x_wconf 88' lang='lat' dir='ltr'>quis</span> <span class='ocrx_word' id='word_1_145' title='bbox 1161 2614 1268 2698; x_wconf 73' lang='lat' dir='ltr'>dicat,</span> <span class='ocrx_word' id='word_1_146' title='bbox 1298 2633 1446 2707; x_wconf 87' lang='lat' dir='ltr'>corpora</span> 
     </span>
     <span class='ocr_line' id='line_1_21' title="bbox 339 2725 1444 2818; baseline 0.003 -22"><span class='ocrx_word' id='word_1_147' title='bbox 339 2733 508 2818; x_wconf 86' lang='lat' dir='ltr'>appetere</span> <span class='ocrx_word' id='word_1_148' title='bbox 542 2725 599 2796; x_wconf 85' lang='lat' dir='ltr'>vel</span> <span class='ocrx_word' id='word_1_149' title='bbox 634 2729 950 2812; x_wconf 84' lang='lat' dir='ltr'>conservationem,</span> <span class='ocrx_word' id='word_1_150' title='bbox 985 2728 1042 2799; x_wconf 86' lang='lat' dir='ltr'>vel</span> <span class='ocrx_word' id='word_1_151' title='bbox 1084 2727 1361 2813; x_wconf 66' lang='lat' dir='ltr'>exaltationem,</span> <span class='ocrx_word' id='word_1_152' title='bbox 1386 2728 1444 2802; x_wconf 83' lang='lat' dir='ltr'>vel</span> 
     </span>
     <span class='ocr_line' id='line_1_22' title="bbox 338 2841 1445 2939; baseline 0.003 -27"><span class='ocrx_word' id='word_1_153' title='bbox 338 2841 639 2936; x_wconf 79' lang='lat' dir='ltr'>propagationem,</span> <span class='ocrx_word' id='word_1_154' title='bbox 657 2843 714 2915; x_wconf 87' lang='lat' dir='ltr'>vel</span> <span class='ocrx_word' id='word_1_155' title='bbox 732 2843 937 2916; x_wconf 86' lang='lat' dir='ltr'>fruitionem</span> <span class='ocrx_word' id='word_1_156' title='bbox 954 2851 1090 2915; x_wconf 76' lang='lat' dir='ltr'>nature</span> <span class='ocrx_word' id='word_1_157' title='bbox 1112 2867 1206 2916; x_wconf 84' lang='lat' dir='ltr'>susc:</span> <span class='ocrx_word' id='word_1_158' title='bbox 1232 2847 1342 2917; x_wconf 86' lang='lat' dir='ltr'>autsi</span> <span class='ocrx_word' id='word_1_159' title='bbox 1367 2846 1445 2939; x_wconf 91' lang='lat' dir='ltr'>quis</span> 
     </span>
     <span class='ocr_line' id='line_1_23' title="bbox 340 2958 1445 3042; baseline 0.006 -14"><span class='ocrx_word' id='word_1_160' title='bbox 340 2958 446 3042; x_wconf 81' lang='lat' dir='ltr'>dicat,</span> <span class='ocrx_word' id='word_1_161' title='bbox 463 2967 583 3030; x_wconf 86' lang='lat' dir='ltr'>motus</span> <span class='ocrx_word' id='word_1_162' title='bbox 607 2981 727 3030; x_wconf 88' lang='lat' dir='ltr'>rerum</span> <span class='ocrx_word' id='word_1_163' title='bbox 753 2961 901 3032; x_wconf 88' lang='lat' dir='ltr'>tendere</span> <span class='ocrx_word' id='word_1_164' title='bbox 926 2962 970 3031; x_wconf 88' lang='lat' dir='ltr'>ad</span> <span class='ocrx_word' id='word_1_165' title='bbox 996 2963 1300 3034; x_wconf 83' lang='lat' dir='ltr'>conservationem</span> <span class='ocrx_word' id='word_1_166' title='bbox 1324 2974 1364 3035; x_wconf 90' lang='lat' dir='ltr'>et</span> <span class='ocrx_word' id='word_1_167' title='bbox 1383 2963 1445 3034; x_wconf 81' lang='lat' dir='ltr'>bo</span> 
     </span>
     <span class='ocr_line' id='line_1_24' title="bbox 339 3075 1447 3171; baseline 0.004 -26"><span class='ocrx_word' id='word_1_168' title='bbox 339 3097 438 3158; x_wconf 89' lang='lat' dir='ltr'>num,</span> <span class='ocrx_word' id='word_1_169' title='bbox 461 3075 519 3146; x_wconf 86' lang='lat' dir='ltr'>vel</span> <span class='ocrx_word' id='word_1_170' title='bbox 545 3077 711 3159; x_wconf 81' lang='lat' dir='ltr'>universi,</span> <span class='ocrx_word' id='word_1_171' title='bbox 735 3084 777 3146; x_wconf 89' lang='lat' dir='ltr'>ut</span> <span class='ocrx_word' id='word_1_172' title='bbox 802 3075 1011 3171; x_wconf 66' lang='lat' dir='ltr'>antippiam</span> <span class='ocrx_word' id='word_1_173' title='bbox 1036 3083 1075 3148; x_wconf 88' lang='lat' dir='ltr'>ct</span> <span class='ocrx_word' id='word_1_174' title='bbox 1100 3101 1253 3158; x_wconf 66' lang='lat' dir='ltr'>accam</span> <span class='ocrx_word' id='word_1_175' title='bbox 1283 3077 1342 3149; x_wconf 80' lang='lat' dir='ltr'>sel</span> <span class='ocrx_word' id='word_1_176' title='bbox 1368 3081 1447 3149; x_wconf 93' lang='lat' dir='ltr'>uni·</span> 
     </span>
    </p>
   </div>
   <div class='ocr_carea' id='block_1_9' title="bbox 339 3179 1559 3289">
    <p class='ocr_par' dir='ltr' id='par_1_9' title="bbox 339 3179 1559 3289">
     <span class='ocr_line' id='line_1_25' title="bbox 339 3179 1559 3289; baseline 0.01 -31"><span class='ocrx_word' id='word_1_177' title='bbox 339 3191 549 3260; x_wconf 78' lang='lat' dir='ltr'>versitatum</span> <span class='ocrx_word' id='word_1_178' title='bbox 567 3211 786 3283; x_wconf 89' lang='lat' dir='ltr'>magnarum,</span> <span class='ocrx_word' id='word_1_179' title='bbox 804 3199 846 3260; x_wconf 91' lang='lat' dir='ltr'>ut</span> <span class='ocrx_word' id='word_1_180' title='bbox 863 3197 983 3262; x_wconf 92' lang='lat' dir='ltr'>motus</span> <span class='ocrx_word' id='word_1_181' title='bbox 1000 3191 1275 3289; x_wconf 58' lang='lat' dir='ltr'>congregatione</span> <span class='ocrx_word' id='word_1_182' title='bbox 1291 3193 1443 3287; x_wconf 51' lang='lat' dir='ltr'>mojam</span> <span class='ocrx_word' id='word_1_183' title='bbox 1558 3179 1559 3188; x_wconf 8' lang='grc' dir='ltr'>ἵ</span> 
     </span>
    </p>
   </div>
   <div class='ocr_carea' id='block_1_10' title="bbox 339 3301 1446 3743">
    <p class='ocr_par' dir='ltr' id='par_1_10' title="bbox 339 3301 1446 3743">
     <span class='ocr_line' id='line_1_26' title="bbox 339 3301 1446 3404; baseline 0.007 -30"><span class='ocrx_word' id='word_1_184' title='bbox 339 3304 591 3386; x_wconf 63' lang='lat' dir='ltr'>solatiantem</span> <span class='ocrx_word' id='word_1_185' title='bbox 611 3301 843 3375; x_wconf 61' lang='lat' dir='ltr'>ecbowcntiae</span> <span class='ocrx_word' id='word_1_186' title='bbox 863 3313 996 3386; x_wconf 73' lang='lat' dir='ltr'>motus:</span> <span class='ocrx_word' id='word_1_187' title='bbox 1022 3306 1079 3378; x_wconf 85' lang='lat' dir='ltr'>vel</span> <span class='ocrx_word' id='word_1_188' title='bbox 1101 3307 1296 3380; x_wconf 83' lang='lat' dir='ltr'>formamm</span> <span class='ocrx_word' id='word_1_189' title='bbox 1313 3311 1446 3404; x_wconf 84' lang='lat' dir='ltr'>specia-</span> 
     </span>
     <span class='ocr_line' id='line_1_27' title="bbox 341 3417 1444 3513; baseline 0.007 -23"><span class='ocrx_word' id='word_1_190' title='bbox 341 3419 442 3503; x_wconf 89' lang='lat' dir='ltr'>lium,</span> <span class='ocrx_word' id='word_1_191' title='bbox 468 3429 510 3490; x_wconf 92' lang='lat' dir='ltr'>ut</span> <span class='ocrx_word' id='word_1_192' title='bbox 534 3420 701 3513; x_wconf 86' lang='lat' dir='ltr'>reliquos.</span> <span class='ocrx_word' id='word_1_193' title='bbox 753 3417 858 3491; x_wconf 84' lang='lat' dir='ltr'>Licet</span> <span class='ocrx_word' id='word_1_194' title='bbox 883 3422 979 3493; x_wconf 91' lang='lat' dir='ltr'>enim</span> <span class='ocrx_word' id='word_1_195' title='bbox 1005 3421 1081 3494; x_wconf 88' lang='lat' dir='ltr'>haec</span> <span class='ocrx_word' id='word_1_196' title='bbox 1105 3446 1189 3495; x_wconf 85' lang='lat' dir='ltr'>vera</span> <span class='ocrx_word' id='word_1_197' title='bbox 1213 3426 1298 3508; x_wconf 89' lang='lat' dir='ltr'>sint,</span> <span class='ocrx_word' id='word_1_198' title='bbox 1323 3433 1444 3498; x_wconf 84' lang='lat' dir='ltr'>tamen</span> 
     </span>
     <span class='ocr_line' id='line_1_28' title="bbox 341 3537 1445 3615; baseline 0.008 -9"><span class='ocrx_word' id='word_1_199' title='bbox 341 3537 409 3608; x_wconf 89' lang='lat' dir='ltr'>nisi</span> <span class='ocrx_word' id='word_1_200' title='bbox 432 3537 670 3606; x_wconf 87' lang='lat' dir='ltr'>terminentur</span> <span class='ocrx_word' id='word_1_201' title='bbox 691 3538 727 3606; x_wconf 90' lang='lat' dir='ltr'>in</span> <span class='ocrx_word' id='word_1_202' title='bbox 744 3539 895 3608; x_wconf 87' lang='lat' dir='ltr'>materia</span> <span class='ocrx_word' id='word_1_203' title='bbox 915 3549 953 3609; x_wconf 87' lang='lat' dir='ltr'>ct</span> <span class='ocrx_word' id='word_1_204' title='bbox 976 3537 1110 3611; x_wconf 83' lang='lat' dir='ltr'>fabrica</span> <span class='ocrx_word' id='word_1_205' title='bbox 1129 3541 1329 3613; x_wconf 85' lang='lat' dir='ltr'>secundnm</span> <span class='ocrx_word' id='word_1_206' title='bbox 1347 3565 1445 3615; x_wconf 82' lang='lat' dir='ltr'>veras</span> 
     </span>
     <span class='ocr_line' id='line_1_29' title="bbox 342 3651 1446 3743; baseline 0.009 -22"><span class='ocrx_word' id='word_1_207' title='bbox 342 3651 463 3734; x_wconf 85' lang='lat' dir='ltr'>lineas,</span> <span class='ocrx_word' id='word_1_208' title='bbox 481 3651 698 3743; x_wconf 76' lang='lat' dir='ltr'>speculativa</span> <span class='ocrx_word' id='word_1_209' title='bbox 715 3653 809 3738; x_wconf 84' lang='lat' dir='ltr'>snut,</span> <span class='ocrx_word' id='word_1_210' title='bbox 826 3663 864 3724; x_wconf 87' lang='lat' dir='ltr'>et</span> <span class='ocrx_word' id='word_1_211' title='bbox 884 3655 1001 3724; x_wconf 92' lang='lat' dir='ltr'>minus</span> <span class='ocrx_word' id='word_1_212' title='bbox 1016 3653 1130 3728; x_wconf 84' lang='lat' dir='ltr'>utilia.</span> <span class='ocrx_word' id='word_1_213' title='bbox 1183 3655 1334 3730; x_wconf 88' lang='lat' dir='ltr'>Interim</span> <span class='ocrx_word' id='word_1_214' title='bbox 1353 3659 1446 3731; x_wconf 86' lang='lat' dir='ltr'>sufli-</span> 
     </span>
    </p>
   </div>
   <div class='ocr_carea' id='block_1_11' title="bbox 342 3767 1445 4450">
    <p class='ocr_par' dir='ltr' id='par_1_11' title="bbox 342 3767 1445 4092">
     <span class='ocr_line' id='line_1_30' title="bbox 342 3767 1445 3867; baseline 0.01 -31"><span class='ocrx_word' id='word_1_215' title='bbox 342 3768 449 3849; x_wconf 87' lang='lat' dir='ltr'>cient,</span> <span class='ocrx_word' id='word_1_216' title='bbox 467 3774 505 3836; x_wconf 90' lang='lat' dir='ltr'>ct</span> <span class='ocrx_word' id='word_1_217' title='bbox 522 3767 606 3838; x_wconf 93' lang='lat' dir='ltr'>boni</span> <span class='ocrx_word' id='word_1_218' title='bbox 630 3777 735 3839; x_wconf 89' lang='lat' dir='ltr'>erunt</span> <span class='ocrx_word' id='word_1_219' title='bbox 758 3791 853 3854; x_wconf 91' lang='lat' dir='ltr'>usus,</span> <span class='ocrx_word' id='word_1_220' title='bbox 870 3771 914 3840; x_wconf 87' lang='lat' dir='ltr'>ad</span> <span class='ocrx_word' id='word_1_221' title='bbox 937 3771 1164 3865; x_wconf 88' lang='lat' dir='ltr'>pensitandas</span> <span class='ocrx_word' id='word_1_222' title='bbox 1186 3773 1445 3867; x_wconf 81' lang='lat' dir='ltr'>proedominaa·</span> 
     </span>
     <span class='ocr_line' id='line_1_31' title="bbox 344 3881 1443 3986; baseline 0.013 -35"><span class='ocrx_word' id='word_1_223' title='bbox 344 3881 412 3952; x_wconf 79' lang='lat' dir='ltr'>tias</span> <span class='ocrx_word' id='word_1_224' title='bbox 428 3882 613 3968; x_wconf 88' lang='lat' dir='ltr'>virtutum,</span> <span class='ocrx_word' id='word_1_225' title='bbox 631 3893 669 3954; x_wconf 87' lang='lat' dir='ltr'>et</span> <span class='ocrx_word' id='word_1_226' title='bbox 686 3887 922 3978; x_wconf 82' lang='lat' dir='ltr'>exquirendas</span> <span class='ocrx_word' id='word_1_227' title='bbox 943 3885 1269 3970; x_wconf 67' lang='lat' dir='ltr'>instantissime:</span> <span class='ocrx_word' id='word_1_228' title='bbox 1294 3891 1332 3964; x_wconf 88' lang='lat' dir='ltr'>id</span> <span class='ocrx_word' id='word_1_229' title='bbox 1351 3894 1443 3986; x_wconf 90' lang='lat' dir='ltr'>quod</span> 
     </span>
     <span class='ocr_line' id='line_1_32' title="bbox 343 3999 583 4092; baseline -0.004 -24"><span class='ocrx_word' id='word_1_230' title='bbox 343 4019 439 4068; x_wconf 92' lang='lat' dir='ltr'>nunc</span> <span class='ocrx_word' id='word_1_231' title='bbox 456 3999 583 4092; x_wconf 83' lang='lat' dir='ltr'>agitur.</span> 
     </span>
    </p>

    <p class='ocr_par' dir='ltr' id='par_1_12' title="bbox 344 4113 1445 4450">
     <span class='ocr_line' id='line_1_33' title="bbox 394 4113 1445 4219; baseline 0.011 -33"><span class='ocrx_word' id='word_1_232' title='bbox 394 4113 541 4186; x_wconf 88' lang='lat' dir='ltr'>Etenim</span> <span class='ocrx_word' id='word_1_233' title='bbox 559 4137 607 4185; x_wconf 86' lang='lat' dir='ltr'>ex</span> <span class='ocrx_word' id='word_1_234' title='bbox 631 4115 685 4186; x_wconf 91' lang='lat' dir='ltr'>his</span> <span class='ocrx_word' id='word_1_235' title='bbox 710 4139 798 4210; x_wconf 87' lang='lat' dir='ltr'>quos</span> <span class='ocrx_word' id='word_1_236' title='bbox 814 4121 1060 4212; x_wconf 89' lang='lat' dir='ltr'>proposuimus</span> <span class='ocrx_word' id='word_1_237' title='bbox 1081 4121 1249 4206; x_wconf 89' lang='lat' dir='ltr'>motibus,</span> <span class='ocrx_word' id='word_1_238' title='bbox 1266 4123 1327 4195; x_wconf 86' lang='lat' dir='ltr'>alii</span> <span class='ocrx_word' id='word_1_239' title='bbox 1350 4147 1445 4219; x_wconf 89' lang='lat' dir='ltr'>pror·</span> 
     </span>
     <span class='ocr_line' id='line_1_34' title="bbox 344 4229 1443 4324; baseline 0.01 -22"><span class='ocrx_word' id='word_1_240' title='bbox 344 4253 404 4302; x_wconf 83' lang='lat' dir='ltr'>sus</span> <span class='ocrx_word' id='word_1_241' title='bbox 434 4237 518 4300; x_wconf 89' lang='lat' dir='ltr'>sunt</span> <span class='ocrx_word' id='word_1_242' title='bbox 543 4229 785 4317; x_wconf 61' lang='lat' dir='ltr'>invincibilem</span> <span class='ocrx_word' id='word_1_243' title='bbox 811 4233 870 4304; x_wconf 91' lang='lat' dir='ltr'>alii</span> <span class='ocrx_word' id='word_1_244' title='bbox 896 4233 974 4306; x_wconf 89' lang='lat' dir='ltr'>aliis</span> <span class='ocrx_word' id='word_1_245' title='bbox 1000 4246 1086 4308; x_wconf 88' lang='lat' dir='ltr'>sunt</span> <span class='ocrx_word' id='word_1_246' title='bbox 1111 4239 1284 4324; x_wconf 83' lang='lat' dir='ltr'>fortiores,</span> <span class='ocrx_word' id='word_1_247' title='bbox 1301 4249 1341 4312; x_wconf 89' lang='lat' dir='ltr'>et</span> <span class='ocrx_word' id='word_1_248' title='bbox 1366 4240 1443 4314; x_wconf 89' lang='lat' dir='ltr'>illos</span> 
     </span>
     <span class='ocr_line' id='line_1_35' title="bbox 344 4344 1442 4450; baseline 0.012 -35"><span class='ocrx_word' id='word_1_249' title='bbox 344 4345 466 4440; x_wconf 85' lang='lat' dir='ltr'>ligant,</span> <span class='ocrx_word' id='word_1_250' title='bbox 484 4344 641 4427; x_wconf 76' lang='lat' dir='ltr'>frenant,</span> <span class='ocrx_word' id='word_1_251' title='bbox 659 4345 874 4443; x_wconf 87' lang='lat' dir='ltr'>disponunt;</span> <span class='ocrx_word' id='word_1_252' title='bbox 896 4351 957 4425; x_wconf 90' lang='lat' dir='ltr'>alii</span> <span class='ocrx_word' id='word_1_253' title='bbox 974 4351 1053 4424; x_wconf 85' lang='lat' dir='ltr'>aliis</span> <span class='ocrx_word' id='word_1_254' title='bbox 1069 4353 1209 4450; x_wconf 89' lang='lat' dir='ltr'>longius</span> <span class='ocrx_word' id='word_1_255' title='bbox 1218 4355 1442 4450; x_wconf 69' lang='lat' dir='ltr'>jaculantem</span> 
     </span>
    </p>
   </div>
   <div class='ocr_carea' id='block_1_12' title="bbox 0 0 1593 5176">
    <p class='ocr_par' dir='ltr' id='par_1_13' title="bbox 0 0 1593 5176">
     <span class='ocr_line' id='line_1_36' title="bbox 0 0 1593 5176; baseline 0 0"><span class='ocrx_word' id='word_1_256' title='bbox 0 0 1593 5176; x_wconf 95' lang='lat' dir='ltr'> </span> 
     </span>
    </p>
   </div>
  </div>
 </body>
</html>
