3156 5176
600 356 690 425 mn.
713 357 760 424 ll.
774 379 828 446 50.
1193 359 1260 430 319

148 540 300 616 porum:
325 541 467 614 nempe
484 541 557 592 non
577 521 696 595 solum
714 531 756 594 ut
777 521 1010 618 prohibeatur
1026 522 1145 594 aditur
1167 524 1257 595 adria

148 661 215 732 per
234 637 404 725 exterius,
422 637 482 727 (de
505 661 577 732 quo
596 640 674 732 jam
697 640 835 711 dictum
860 641 930 732 eat)
948 640 1197 711 verumetiam
1215 648 1260 710 ut

151 755 361 827 cohibeatur
383 754 501 826 exitur
526 756 670 849 spiritua
693 755 856 850 corporis,
874 776 981 850 cuper
1000 756 1096 849 qnod
1113 755 1157 827 iit
1172 779 1258 851 ope·

151 871 244 942 ratic
259 892 326 964 per
341 870 501 942 interino.
555 869 714 944 Necesse
738 878 794 943 eet
812 871 909 943 enim
923 879 970 942 nt
986 873 1146 966 operanti
1164 873 1258 945 circa

152 1007 301 1080 corpora
325 986 503 1058 naturalia
531 995 673 1059 constet
701 988 748 1058 de
776 988 924 1060 nummis
953 989 1048 1059 ania:
1074 989 1140 1060 via.
1160 988 1257 1082 qnod

150 1103 241 1175 nihil
272 1102 442 1196 expirarit
474 1110 539 1174 aut
567 1103 756 1175 effluxerit.
808 1102 920 1175 Fiunt
948 1105 1046 1177 enim
1073 1105 1257 1199 profundae

152 1219 380 1291 alterationes
408 1219 447 1289 in
471 1219 685 1312 corporibus,
714 1220 864 1313 quando,
891 1227 1019 1292 natura
1045 1221 1257 1315 prohibente

151 1333 458 1418 annihilationem,
475 1357 532 1406 ara
555 1335 740 1429 prohibeat
758 1337 868 1407 etiam
889 1336 1171 1430 deperditionem
1193 1347 1258 1410 ant

151 1452 391 1524 evolationem
414 1449 564 1543 alicujus
586 1451 706 1544 partie.
758 1448 884 1545 Atque
905 1451 971 1524 hae
988 1453 1034 1524 de
1050 1475 1089 1525 re
1105 1454 1259 1526 invaluit

152 1567 272 1661 opinio
289 1565 397 1651 falaa3
423 1564 517 1659 (quae
542 1567 571 1637 ei
593 1583 679 1637 vern
704 1575 809 1651 emet,
826 1566 872 1638 de
897 1570 967 1640 iata
991 1571 1258 1643 conservatione

150 1703 301 1755 summae
328 1691 434 1754 eertae
466 1683 599 1777 absque
633 1683 869 1756 diminutione
903 1694 997 1758 esset
1027 1686 1101 1758 fere
1134 1686 1260 1780 despe-

154 1800 321 1892 randum)
344 1799 412 1869 vin.
438 1799 582 1893 spiritua
605 1818 806 1893 corporum,
824 1809 863 1874 et
887 1811 1006 1874 aerem
1025 1803 1157 1896 'majori
1181 1823 1260 1898 gre·

153 1915 204 1986 du
229 1915 355 1987 celeria
380 1922 618 2000 attenuatum,
643 1915 751 1988 nullis
778 1937 940 1989 vatorum
965 1918 1127 1990 claustrie
1155 1941 1259 2013 poseo

152 2032 337 2116 contineri,
361 2031 448 2124 quin
472 2053 537 2125 per
561 2053 665 2125 porca
681 2053 845 2104 vasorum
869 2033 1073 2106 subtiliores
1100 2035 1256 2108 evolent.

153 2145 279 2240 Atque
308 2149 347 2219 in
376 2147 469 2219 hanc
494 2147 700 2241 opinionem
729 2149 874 2221 adducti
900 2160 984 2222 sunt
1008 2150 1171 2224 hominen
1195 2173 1260 2246 per

153 2264 301 2359 vulgata
327 2263 389 2336 illa
413 2266 668 2358 experimenta
691 2263 810 2360 poculi
836 2268 966 2339 inversi
995 2290 1257 2361 superaquam

154 2405 238 2453 cnm
271 2381 421 2453 candela
453 2391 517 2453 aut
550 2381 674 2454 charta
706 2381 935 2467 inflammata,
961 2406 1008 2455 ex
1040 2405 1111 2478 quo
1143 2385 1187 2458 lit
1216 2395 1260 2457 nt

155 2517 249 2590 aqna
279 2515 419 2570 ammm
450 2497 670 2581 attrahatur3
695 2506 806 2592 atque
834 2499 999 2572 similiter
1020 2510 1261 2588 rentoaarum,

157 2635 235 2707 quae
252 2632 359 2708 super
376 2613 555 2685 flammam
572 2613 751 2687 caleiactae
768 2616 917 2687 trahunt
939 2639 1073 2691 carnee.
1127 2617 1262 2691 Existi-

154 2738 255 2800 mant
272 2730 379 2813 enim,
398 2729 435 2800 in
451 2737 604 2822 auoque
622 2731 869 2824 experimento
892 2741 1012 2804 aerem
1032 2741 1261 2806 attenuatum

154 2846 287 2930 emitti,
305 2855 344 2917 et
369 2846 453 2917 inde
470 2853 635 2940 puuctum
658 2847 769 2940 ipsine
793 2849 929 2935 minui3
955 2849 1108 2942 ideoque
1125 2870 1261 2942 aquam

155 2970 221 3032 aut
246 2979 369 3032 earnes
394 2983 459 3055 per
475 2983 602 3032 cmm
619 2963 810 3034 succedere
819 2959 856 3034 ¹2.
908 2963 1015 3047 Quod
1036 2963 1262 3036 falaiaaimum

158 3086 224 3149 eet.
277 3075 353 3148 Aer
368 3079 465 3149 enim
476 3093 556 3149 'non
573 3086 702 3173 quanto
719 3077 942 3164 diminuitur,
960 3080 1021 3152 red
1046 3082 1164 3174 spatio
1180 3103 1266 3153 con·

159 3193 333 3276 trahitur,
357 3215 476 3286 neque
502 3194 629 3289 incipit
655 3204 776 3266 motus
802 3197 872 3266 iate
897 3197 1126 3268 euceeasicnia
1151 3220 1263 3290 aquae,

157 3318 350 3402 antequam
367 3310 431 3380 fiat
451 3311 628 3383 extinctio
644 3309 806 3396 flammae,
823 3323 887 3386 aut
910 3313 1130 3410 refrigeratio
1152 3316 1264 3387 adria:

157 3426 248 3497 adeo
273 3435 315 3496 ut
341 3426 482 3510 medici,
505 3449 575 3520 quo
597 3427 724 3499 fortine
748 3429 932 3501 attrahant
946 3439 1112 3514 ventosae,
1129 3439 1265 3526 ponant

157 3542 324 3636 spongias
339 3541 486 3636 frigidae
501 3564 593 3634 aqua
610 3543 828 3616 madefactae
844 3567 948 3640 seper
965 3555 1140 3619 ventosae.
1191 3547 1266 3618 Ita·

159 3680 230 3751 que
246 3679 320 3729 non
337 3668 392 3728 eat
404 3679 468 3728 cur
485 3657 647 3730 homines
663 3658 821 3730 multum
838 3662 905 3734 eibi
922 3670 1088 3736 metuant
1105 3664 1151 3736 de
1167 3662 1263 3735 incili

158 3775 261 3848 exitu
279 3773 382 3857 aeria,
393 3782 459 3844 aut
473 3773 672 3868 spirituum.
699 3769 805 3846 Licet
820 3779 918 3849 enim
936 3799 1060 3852 verum
1077 3780 1136 3866 ait,
1153 3782 1265 3852 etlam

160 3891 371 3964 solidissima
403 3911 551 3984 corpora
583 3889 715 3964 habere
748 3911 832 3966 auca
866 3915 979 3988 porca,
1013 3903 1137 3968 temen
1173 3917 1266 3993 aegre

198 4061 350 4118 12Βιιιοιιέ
368 4071 481 4118 account
498 4063 522 4118 ia
540 4081 690 4119 ermnacur.
731 4063 809 4121 baec
822 4065 963 4130 cloaed,aa
981 4065 1027 4121 the
1044 4065 1083 4121 air
1096 4064 1268 4122 coolaitwill

159 4140 209 4196 Air
228 4141 307 4196 when
326 4140 422 4196 heated
439 4141 567 4212 expande,
584 4140 640 4197 and
661 4159 692 4197 ao
732 4149 861 4209 cono-ret,
881 4144 935 4199 end
956 4145 1002 4200 tlre
1024 4161 1148 4216 pressura
1168 4143 1200 4198 ol
1220 4143 1267 4199 tlra

158 4237 235 4276 roma
246 4219 277 4274 cl
291 4221 313 4275 it
323 4237 448 4291 occuper:
467 4219 532 4275 then
544 4221 567 4275 it
581 4220 627 4276 the
639 4221 692 4274 ori·
732 4223 850 4278 external
864 4222 1033 4294 atmoaphera
1051 4222 1138 4278 drivae
1156 4221 1202 4277 tlre
1213 4239 1267 4276 wa·

159 4297 208 4354 lice
220 4298 305 4353 nithe
317 4297 456 4354 Vearelbe
472 4298 564 4370 placed
576 4317 613 4356 cn
625 4297 691 4353 Wa-
732 4310 774 4357 ter
791 4318 823 4356 cr
840 4300 908 4357 dealt
927 4299 1051 4373 upwarda
1070 4299 1127 4356 into
1144 4299 1190 4356 the
1207 4316 1267 4356 aar·

157 4386 242 4433 tercr
254 4377 342 4443 Fleah,
354 4377 408 4432 and
420 4377 466 4432 the
477 4387 602 4434 entrance
614 4376 692 4433 clair
733 4380 781 4435 ael.
