3222 5148
312 324 375 390 140
640 327 814 394 NOVUM
837 325 1086 392 ORGANUM.

362 492 417 564 At
433 493 631 565 secundum
647 515 762 588 genus
777 492 965 564 axiomatis
972 489 999 536 ¹⁵
1017 491 1127 586 (quod
1145 513 1167 562 a
1182 488 1321 562 latentis
1331 513 1420 586 pro-

313 629 425 678 cessus
455 606 659 678 inventione
689 605 837 700 pendet)
868 629 940 677 non
970 629 1033 700 per
1061 615 1206 678 naturas
1239 605 1419 699 simplices

312 722 486 814 procedit,
508 721 571 792 sed
597 745 660 816 per
685 731 850 792 concreta
875 743 1032 815 corpora,
1050 721 1353 815 quemadmodum
1378 721 1419 792 in

312 846 441 909 natura
462 839 702 921 inveniuntur,
720 861 824 908 cursu
847 838 1034 909 ordinario.
1087 837 1256 931 Exempli
1278 838 1415 932 gratia;

312 952 350 1022 in
367 975 448 1024 casu
467 953 528 1024 ubi
547 953 589 1024 fit
606 953 797 1045 inquisitio,
812 976 859 1024 ex
877 954 1005 1046 quibus
1021 953 1142 1036 initiis,
1153 962 1193 1024 et
1209 975 1281 1045 quo
1297 954 1418 1036 modo,

312 1077 351 1141 et
378 1091 450 1161 quo
475 1091 652 1163 processu,
676 1092 813 1153 aurum,
835 1079 897 1140 aut
922 1070 1019 1141 alind
1046 1070 1193 1162 quodvis
1218 1069 1418 1153 metallum,

313 1196 376 1255 aut
394 1183 482 1278 lapis
503 1194 705 1280 generetur,
723 1207 745 1255 a
762 1186 884 1279 primis
907 1186 1107 1268 menstruis,
1125 1194 1188 1256 ant
1203 1185 1419 1258 rudimentis

314 1301 396 1382 suis,
414 1323 525 1392 usquo
550 1301 596 1370 ad
619 1301 792 1371 mineram
818 1301 1035 1393 perfectam:
1062 1310 1126 1372 aut
1147 1300 1321 1384 similiter,
1344 1323 1418 1393 quo

314 1437 477 1508 processu
514 1415 631 1486 herhae
664 1424 888 1510 generentur,
917 1441 940 1487 s
974 1418 1097 1511 primis
1131 1417 1419 1489 concretionibus

314 1553 499 1602 succorum
523 1532 561 1601 in
585 1540 690 1616 terra,
707 1539 771 1602 aut
794 1555 816 1602 a
839 1533 1041 1616 seminibus,
1059 1556 1172 1626 usque
1194 1534 1239 1604 ad
1256 1532 1419 1626 plantam

315 1647 513 1730 formatam,
548 1668 630 1716 cum
664 1648 829 1718 universe
861 1647 925 1718 illa
957 1651 1179 1720 successione
1216 1656 1345 1732 motus,
1379 1656 1420 1720 et

315 1763 461 1833 diversis
491 1771 529 1833 et
558 1763 772 1834 continuatis
798 1771 933 1834 naturae
963 1764 1129 1847 nixibus;
1168 1763 1340 1848 similiter,
1371 1764 1419 1834 de

314 1879 544 1973 generatione
575 1878 764 1950 ordinatim
796 1879 973 1973 explicata
1005 1879 1223 1965 animalium,
1248 1880 1294 1951 ab
1324 1881 1418 1951 initu

314 1994 361 2065 ad
379 2003 519 2086 partum
535 2017 545 2078 ;
570 2001 609 2065 et
626 1994 789 2066 similiter
806 1995 851 2066 de
868 1994 1071 2087 corporibus
1087 1995 1173 2066 eliis.

367 2109 561 2181 Enimvero
587 2132 705 2202 neque
724 2112 769 2183 sd
796 2113 1044 2206 generationes
1070 2135 1255 2204 corporum
1275 2121 1419 2184 tantum

315 2235 453 2320 spectat
480 2225 553 2297 haec
584 2227 773 2318 inquisitio,
801 2227 861 2298 sed
892 2228 1002 2299 etiam
1029 2228 1073 2299 ad
1108 2227 1196 2300 alios
1229 2237 1350 2300 motus
1380 2238 1419 2299 et

315 2343 455 2436 opificia
488 2355 632 2412 naturae.
702 2341 869 2436 Exempli
905 2345 1042 2438 gratis3
1080 2345 1117 2414 in
1153 2367 1236 2415 casu
1273 2345 1337 2416 ubi
1376 2346 1420 2417 fit

316 2459 498 2550 inquisitio
526 2459 572 2528 de
601 2459 764 2530 universa
789 2461 878 2532 serie
909 2468 948 2532 et
976 2461 1190 2532 continuatis
1219 2461 1420 2534 actionibus

315 2573 560 2657 alimentandi,
588 2597 609 2645 a
637 2575 751 2666 prims
784 2577 987 2668 receptione
1019 2575 1179 2647 alimenti
1210 2577 1253 2647 ad
1283 2579 1420 2648 assimi-

315 2689 484 2760 lationem
518 2689 738 2783 perlectam
780 2699 844 2761 sut
881 2691 1044 2762 similiter
1076 2691 1123 2761 de
1157 2700 1259 2763 motu
1293 2693 1421 2764 volun-

316 2808 406 2877 tario
436 2805 719 2889 inanimalibus,
749 2831 771 2877 a
800 2809 914 2899 prima
939 2807 1168 2900 impressione
1195 2809 1421 2904 imaginatio-

314 2925 379 3005 nis,
397 2930 435 2994 et
460 2923 678 2994 continuatis
703 2923 845 2994 nixibus
869 2923 1021 3016 spiritus,
1039 2945 1152 3015 usque
1175 2924 1219 2993 ad
1246 2923 1420 2997 flexiones

314 3048 353 3110 et
386 3046 505 3109 motus
539 3049 707 3122 artuum3
749 3045 813 3110 aut
846 3039 892 3109 de
927 3038 1106 3132 explicato
1140 3051 1242 3112 motu
1278 3039 1419 3138 linguae,

315 3165 354 3230 et
388 3153 575 3240 labiorum,
610 3162 648 3225 et
686 3155 1002 3224 instrumentorum
1042 3155 1272 3247 reliquorum,
1306 3179 1421 3251 usque

313 3273 358 3343 od
389 3272 583 3343 editionem
616 3293 743 3340 vocum
775 3269 1053 3341 articulatamm.
1104 3269 1200 3340 Nam
1231 3271 1307 3342 haec
1332 3295 1421 3365 quo-

313 3408 384 3477 que
409 3394 572 3478 spectant
594 3387 639 3456 ad
666 3395 810 3456 naturas
833 3394 1029 3470 concretas,
1047 3387 1122 3457 sive
1146 3385 1364 3480 collegiatae,
1381 3397 1421 3459 et

313 3501 350 3571 in
380 3501 532 3584 fabriea;
558 3510 597 3572 et
625 3502 811 3573 intuentur
840 3501 951 3578 veluti
980 3501 1256 3574 consuetudines
1281 3515 1419 3574 naturae

350 3650 374 3690 ¹⁵
391 3650 450 3705 The
465 3649 564 3706 second
581 3651 649 3707 kind
664 3653 695 3708 oi
703 3653 845 3709 Trsnsicr-
884 3651 950 3708 'Ibis
967 3661 1027 3724 part
1042 3653 1073 3708 ol'
1086 3652 1209 3725 Physical
1224 3652 1420 3724 investigation,

313 3729 416 3784 madon
429 3729 574 3800 (stripping
591 3731 613 3784 it
627 3732 659 3786 ol
673 3733 774 3786 useless
791 3730 845 3787 and
885 3732 1025 3804 obscurely
1043 3749 1072 3787 ss
1091 3733 1114 3786 it
1133 3732 1156 3786 is
1175 3731 1238 3786 here
1257 3731 1353 3796 stated,
1369 3732 1420 3788 has

314 3817 422 3879 strange
440 3807 584 3878 language)
599 3809 621 3863 is
640 3810 737 3882 simply
753 3828 788 3864 sn
804 3811 845 3864 in·
885 3809 986 3881 proved
1007 3809 1052 3865 the
1070 3809 1142 3865 hssis
1160 3810 1191 3865 oi
1206 3809 1289 3865 much
1307 3809 1420 3866 modern

313 3885 473 3956 vestigation
489 3886 546 3940 into
562 3885 649 3942 divers
666 3906 803 3958 prooeeses
817 3889 849 3943 ol
887 3889 1003 3944 Medical
1026 3887 1184 3960 knowledge
1211 3887 1266 3943 and
1294 3889 1365 3954 slrill,
1390 3906 1421 3944 as

313 3963 647 4035 growth-registrstion
671 3967 702 4021 of
726 3967 793 4022 facts
819 3968 849 4022 oi
887 3985 948 4040 may
965 3965 999 4022 be
1018 3984 1080 4022 seen
1100 3967 1170 4022 from
1190 3965 1307 4023 llallsr’s
1323 3967 1421 4040 Physi-

312 4059 447 4113 progress.
484 4041 550 4105 Not,
571 4041 701 4108 however,
722 4044 847 4100 identical
886 4047 975 4117 ology.
1011 4044 1128 4117 'lbough
1149 4045 1240 4100 Bscon
1260 4045 1324 4101 here
1341 4047 1423 4118 again

314 4119 378 4175 vvith
396 4120 492 4176 Latent
507 4119 618 4176 Process
634 4123 674 4190 (ss
692 4122 783 4177 bacon
800 4141 846 4178 ex-
887 4124 974 4179 shevvs
985 4123 1043 4178 thet
1055 4122 1090 4178 he
1105 4123 1188 4194 hopes
1200 4131 1246 4178 too
1262 4123 1354 4188 much,
1366 4123 1422 4182 and

313 4199 421 4272 plaiae),
443 4199 556 4254 hecaum
576 4199 664 4255 ithae
686 4199 799 4272 nothing
818 4212 847 4256 to
886 4202 1087 4258 hsssetmsn’s
1101 4200 1348 4274 Povvertoohigh,
1367 4203 1423 4258 still

314 4276 350 4333 do
363 4276 426 4332 with
442 4277 488 4332 the
505 4275 686 4350 discoveryol
695 4279 783 4334 Form.
821 4279 848 4336 lt
887 4299 927 4336 vve
943 4289 1042 4338 cannot
1052 4280 1103 4335 hut
1118 4279 1220 4336 admire
1233 4280 1276 4335 his
1292 4297 1377 4353 grssp
1394 4281 1426 4336 ol

314 4372 443 4411 conserus
461 4355 535 4411 itsell
550 4356 633 4428 solely
644 4357 709 4413 with
727 4368 848 4414 cosmeta
888 4359 988 4431 things,
1001 4358 1055 4414 and
1067 4359 1109 4415 his
1121 4358 1258 4470 prophetie
1269 4360 1374 4431 glauce.

314 4433 414 4500 bodies,
425 4451 454 4490 ss
466 4434 529 4506 they
542 4451 585 4489 are
597 4434 701 4490 found
694 4453 721 4490 ιιι
735 4435 846 4492 Nature.
