3268 5146
621 333 710 398 nni.
729 332 775 398 11.
790 355 845 420 39,
860 353 913 416 40.
1249 333 1315 402 259

217 494 347 570 intueri
365 495 462 570 licet.
515 497 612 574 Hinc
634 499 893 592 inaequalitates
918 497 1083 570 luminosi
1100 507 1139 571 et
1154 499 1256 592 opaci
1281 500 1319 570 in

217 611 302 686 iuna
324 612 526 688 distinctius
551 625 744 686 comuntur
771 622 810 686 ct
838 614 1025 702 locantur3
1058 615 1147 686 adeo
1173 615 1318 688 utheri

217 730 329 823 possit
343 731 506 822 quaedam
523 731 816 826 seleno-graphia.
868 732 967 804 Hinc
991 733 1139 804 maculae
1161 734 1199 804 iu
1221 731 1317 816 soie;

216 857 256 918 et
285 844 320 918 id
349 869 485 940 genus:
519 850 640 920 omnia
670 859 768 924 certe
797 851 941 924 inventa
972 850 1112 934 nobilia,
1141 859 1318 944 quatenus

161 969 169 980 ‘
216 960 305 1034 fides
325 961 528 1056 hujusmodi
545 965 905 1038 demonstrationibus
922 975 1004 1038 tuto
1019 965 1179 1038 adhiberi
1197 967 1316 1060 possit

216 1077 307 1163 Quo
322 1079 426 1152 nohis
442 1082 489 1152 oh
506 1079 573 1154 hoc
589 1083 745 1154 maxime
765 1093 938 1176 suspectae
962 1092 1056 1167 sunt,
1073 1083 1168 1175 qnod
1186 1083 1223 1154 in
1240 1084 1317 1156 istis

216 1195 337 1288 paucis
353 1197 498 1268 sistatur
514 1201 812 1291 experimentum,
831 1222 947 1292 neque
970 1197 1041 1270 alia
1063 1197 1245 1291 complura
1262 1200 1317 1270 iu·

216 1313 391 1406 vestigata
410 1335 510 1406 aeque
527 1313 635 1408 digna
651 1317 777 1388 eadem
795 1317 932 1388 ratione
947 1317 1094 1388 inventa
1109 1317 1191 1388 sint.

258 1427 369 1500 Tertii
387 1433 527 1524 generis
543 1440 627 1504 snut
645 1432 773 1506 bacilla
788 1432 850 1504 iila
865 1433 911 1504 ad
924 1433 1315 1518 tarras'mansnraudas,

215 1544 413 1630 astrolabio,
430 1555 470 1620 et
492 1547 639 1620 similia:
666 1573 744 1642 quaa
761 1571 904 1624 sensum
922 1549 1066 1622 videndi
1093 1571 1165 1619 non
1190 1549 1315 1643 ampli·

215 1667 290 1742 ant,
306 1661 368 1733 sed
386 1665 583 1736 rectificant
600 1675 638 1736 ct
656 1666 823 1760 dirigunt.
875 1665 981 1749 Quod
1008 1666 1037 1736 si
1063 1665 1134 1734 sint
1159 1664 1236 1736 alias
1262 1667 1316 1738 iu·

215 1777 364 1862 smntiae,
381 1801 459 1872 quoe
476 1779 629 1874 reliquos
651 1805 773 1854 sensus
782 1783 914 1875 juvent
931 1781 968 1850 iu
986 1780 1143 1873 ipsorum
1166 1783 1316 1853 actioni·

216 1890 281 1964 hus
303 1894 518 1968 immediatis
543 1907 581 1968 st
605 1898 820 1984 individuis;
847 1906 965 1968 tameo
986 1898 1014 1968 si
1034 1897 1207 1988 ejusmodi
1232 1900 1314 1982 sint,

215 2031 294 2100 quae
310 2012 550 2085 informationi
567 2015 633 2106 ipsi
652 2013 740 2084 nihil
764 2013 898 2085 addant
923 2012 1002 2106 plna
1025 2035 1132 2104 quam
1150 2012 1228 2106 jam
1254 2013 1316 2086 ha-
1347 2071 1351 2080 ,

215 2123 330 2212 hatur,
355 2128 400 2199 ad
426 2130 475 2214 id,
495 2131 590 2222 qnod
617 2153 713 2201 nnnc
738 2131 867 2224 agitur,
893 2152 963 2198 non
989 2127 1134 2200 faciunt
1187 2129 1315 2223 Itaque

214 2266 336 2316 aarum
353 2250 572 2320 mentionem
589 2272 661 2320 nou
680 2249 839 2322 fecimus.

719 2431 803 2505 XL.

266 2551 367 2626 Inter
386 2558 639 2656 praeropntiooc
669 2558 915 2630 instantiarum
946 2580 1118 2651 ponemus
1148 2557 1225 2630 loco
1253 2557 1314 2629 de-

213 2673 306 2742 cimo
332 2674 483 2766 septimo
511 2676 695 2748 instantias
721 2675 887 2756 minuma:
919 2684 1062 2769 sumpto
1092 2673 1314 2747 vocabuloa

214 2787 298 2858 foris
315 2788 489 2876 civilibus,
507 2793 590 2884 quia
607 2794 719 2864 citant
736 2815 779 2864 ea
796 2803 838 2864 ut
855 2801 1093 2886 compareant
1113 2814 1190 2883 quae
1216 2793 1313 2885 prins

214 2926 284 2974 non
302 2917 595 3000 comparuerunt:
622 2932 708 3002 quas
725 2910 834 2980 etiam
854 2908 1038 2979 instantius
1055 2917 1228 2978 evocantes
1252 2931 1314 3001 ap-

212 3019 345 3114 pellare
372 3025 632 3096 consuevimus.
689 3023 750 3095 nae
777 3024 961 3096 deducunt
988 3022 1241 3095 non-sensibile
1267 3024 1313 3094 ad

212 3137 377 3209 sensibile
385 3133 426 3210 ³⁶.

263 3253 415 3342 Sensum
441 3267 561 3330 autam
589 3258 732 3352 fugiunt
757 3280 822 3340 rea,
849 3259 905 3328 vel
932 3259 985 3350 (1)
1012 3267 1157 3350 propter
1182 3257 1314 3330 distan-

213 3371 300 3442 tiam
326 3372 456 3468 objecti
485 3369 647 3458 locati³7;
684 3373 740 3446 vel
767 3377 820 3466 (2)
846 3383 991 3467 propter
1017 3374 1311 3467 interceptionem

210 3577 286 3633 trech
306 3577 359 3632 had
380 3579 401 3633 it
421 3579 488 3634 heau
509 3580 627 3635 revesled
648 3581 677 3635 iu
698 3579 740 3635 his
781 3583 799 3610 ‘⁸
812 3579 840 3632 in
853 3579 911 3634 istis
923 3581 1016 3651 paucis
1028 3581 1137 3636 sistatur
1148 3580 1313 3651 experimen·

210 3673 272 3710 ortu
283 3655 344 3729 day.
372 3657 430 3712 'ihc
443 3657 740 3730 Sclenogrsphywhich
780 3659 1107 3714 tum”iatohahlamed.
1144 3658 1314 3715 Galilaodis·

210 3733 245 3790 ha
268 3734 391 3799 formasa.
414 3735 473 3801 has,
493 3737 525 3791 oi
545 3755 648 3803 coum,
673 3737 739 3792 been
780 3735 891 3792 covered
903 3736 949 3792 the
962 3736 1259 3809 SatellitcaoiJupitar.

208 3812 611 3885 urdsdmgrurpsrtseaiom
630 3815 740 3871 mdthe
816 3813 842 3854 ³⁶
867 3814 892 3870 la
915 3814 938 3869 is
965 3815 1032 3870 hnd
1057 3824 1085 3870 ao
1109 3816 1236 3871 mnu
1259 3815 1313 3871 this

208 3900 284 3962 spots
307 3892 336 3946 iu
360 3891 406 3948 the
429 3893 489 3949 Suu
512 3911 580 3948 wera
604 3895 661 3950 hrot
684 3893 739 3950 dis·
780 3893 974 3948 “deducunt''
999 3893 1112 3948 without
1141 3912 1216 3950 soma
1245 3895 1314 3949 auch

207 3969 320 4026 carad
340 3969 377 4042 by
399 3969 508 4028 Harriot
528 3973 557 4028 in
580 3971 663 4036 16103
685 3972 738 4028 and
779 3971 940 4044 pmiphrssis
957 3991 987 4028 as
1000 3972 1107 4044 “bring
1124 3973 1204 4028 down
1222 3972 1314 4030 tutha

205 4049 278 4104 from
298 4048 372 4104 tham
396 4050 418 4104 ia
437 4067 491 4106 was
515 4050 660 4108 cadordstad
681 4050 738 4106 that
779 4069 861 4122 range
873 4051 904 4108 oi
919 4051 965 4106 tha
977 4050 1075 4106 &usas
1090 4049 1148 4106 thst
1160 4049 1248 4106 which
1260 4067 1313 4106 uas

207 4127 255 4182 thc
274 4127 332 4184 Sua
352 4129 525 4185 melmun
543 4131 579 4186 its
599 4147 660 4184 oran
682 4131 737 4185 axia
779 4132 929 4203 previously
941 4129 1047 4203 beyond
1060 4129 1164 4185 them.’'

208 4207 236 4262 in
259 4205 343 4264 about
367 4221 402 4276 25
420 4207 486 4278 days
507 4221 521 4279 7
544 4209 636 4264 hours.
685 4208 738 4264 nn-
814 4207 839 4250 ³7
851 4210 917 4266 This
930 4211 999 4264 class
1012 4225 1078 4264 roos
1091 4207 1148 4264 into
1160 4207 1218 4262 that
1229 4205 1314 4261 citha

207 4285 284 4340 con’s
300 4285 442 4342 cautionis
460 4287 739 4357 nottohcdaapiaad,
780 4289 925 4345 “huna’'
962 4287 1015 4342 For
1027 4287 1115 4358 surely
1128 4297 1197 4340 stara
1216 4293 1262 4338 not
1275 4286 1315 4340 vi·

207 4362 312 4436 though
331 4363 374 4418 hia
393 4362 468 4420 hasta
486 4365 513 4418 iu
532 4364 667 4434 affirmiug
682 4364 740 4420 that
780 4367 847 4423 sible
866 4377 894 4421 to
913 4365 959 4420 the
978 4364 1066 4420 uaksd
1086 4381 1142 4434 aya,
1159 4363 1209 4418 but
1227 4362 1314 4418 disco·

836 4475 893 4526 82
