3268 5146
318 317 381 380 178
641 315 814 383 NOVUM
838 317 1086 383 ORGANUM.

317 483 377 549 30.
405 477 566 550 Flamma
588 499 660 552 uon
682 481 814 552 emicat
834 489 898 552 ant
920 491 1121 576 generatur,
1138 483 1207 554 nisi
1228 481 1336 554 detur
1357 481 1422 554 ali·

392 596 477 687 quid
503 596 659 679 concavi,
676 597 714 666 in
738 619 809 690 quo
834 595 979 668 flamma
1000 619 1145 669 movere
1169 599 1281 692 possit
1302 605 1342 670 et
1365 597 1421 669 lu-

391 712 504 796 dere;
546 719 782 806 praeterquam
815 715 854 784 in
887 711 1040 786 flammis
1073 713 1233 786 flatuosie
1265 714 1421 808 pulveris

392 829 625 910 tormentarii,
649 836 688 900 et
713 829 899 913 similibus,
919 829 982 899 ubi
1004 832 1219 924 compressio
1245 839 1284 901 et
1308 831 1422 902 incar·

392 945 525 1017 ceratio
541 943 697 1016 flammae
715 953 825 1040 auget
842 945 918 1037 ejus
936 943 1122 1016 furorem¹.

319 1067 378 1134 31.
404 1061 512 1133 Inous
538 1084 601 1154 per
626 1059 799 1132 malleum
827 1059 947 1132 calefit
971 1062 1188 1145 admodnm3
1212 1062 1304 1133 adeo
1326 1071 1369 1133 ut
1391 1061 1421 1132 si

391 1179 494 1250 incus
526 1177 636 1248 fuerit
665 1175 808 1248 laminae
836 1177 1019 1260 tenuioris,
1045 1176 1293 1249 existimemus
1321 1176 1421 1248 illam

393 1318 458 1389 per
487 1295 598 1366 fortes
628 1303 667 1364 et
697 1293 886 1364 continuos
914 1293 1007 1364 ictus
1038 1292 1159 1364 mallei
1189 1313 1291 1386 posse
1318 1292 1423 1364 rube-

393 1431 502 1492 scere,
519 1417 562 1479 ut
585 1409 720 1478 ferrum
743 1409 920 1502 ignitnm3
946 1408 1009 1478 sed
1030 1408 1077 1480 de
1101 1407 1171 1479 hoe
1196 1408 1259 1480 liat
1283 1407 1423 1501 experi-

394 1521 591 1596 mentum2.

321 1647 380 1712 82.
397 1639 450 1711 At
465 1641 504 1710 in
520 1639 652 1734 ignitis,
666 1661 744 1730 quae
761 1647 843 1709 sunt
861 1659 997 1732 porosa,
1018 1640 1069 1709 ita
1086 1647 1127 1709 ut
1143 1639 1250 1709 detur
1265 1638 1421 1731 spatium

395 1758 439 1827 ad
465 1755 706 1826 exercendum
726 1763 867 1824 motum
894 1753 998 1847 ignis,
1020 1754 1049 1824 si
1072 1753 1282 1824 cohibeatur
1303 1752 1423 1844 hujus·

394 1872 491 1943 modi
515 1879 634 1942 motus
656 1891 721 1962 per
743 1870 1042 1962 compressionem
1060 1869 1199 1952 fortem,
1217 1871 1340 1940 statim
1361 1891 1425 1940 ex-

395 1989 591 2082 stinguitur
623 1987 739 2079 ignis;
766 1983 878 2055 veluti
908 2006 989 2055 eum
1019 1984 1171 2056 linteum
1203 1993 1333 2068 ustum,
1360 1992 1425 2054 aut

395 2103 496 2174 filum
513 2103 641 2173 ardens
657 2099 817 2174 candelae
833 2107 897 2171 aut
914 2099 1098 2192 lampadis,
1111 2111 1175 2172 aut
1191 2102 1302 2172 etiam
1318 2100 1424 2172 carbo

394 2229 459 2292 aut
481 2241 594 2312 pruna
609 2219 748 2298 erdem,
768 2216 1017 2308 comprimitur
1036 2240 1101 2310 per
1121 2216 1344 2310 pressorium,
1360 2223 1425 2286 aut

395 2339 496 2430 pedis
525 2334 842 2416 conculcationem,
864 2343 929 2404 aut
954 2332 1172 2426 hujusmodi,
1199 2335 1322 2406 statim
1350 2355 1426 2406 ces-

396 2461 475 2524 sant
492 2450 716 2544 operationes
732 2447 836 2541 ignis.

323 2575 381 2640 38.
400 2565 674 2662 Approximatio
703 2564 747 2634 ad
778 2585 906 2656 corpus
935 2563 1093 2635 calidum
1120 2574 1230 2659 auget
1258 2565 1425 2649 calorem,

396 2707 460 2779 pro
484 2683 595 2777 gradu
620 2679 961 2773 approximationis;
989 2681 1084 2772 quod
1109 2683 1220 2752 etiam
1243 2681 1286 2752 lit
1311 2683 1348 2752 in
1371 2681 1427 2753 lu·

396 2802 516 2871 mine:
556 2821 640 2869 nam
669 2819 740 2890 quo
770 2798 914 2890 propius
943 2796 1140 2869 collocatm
1168 2797 1349 2889 objectum
1378 2797 1425 2868 ad

397 2915 531 2996 lumen,
549 2936 593 2984 eo
609 2913 721 3006 magis
739 2919 795 2982 est
810 2909 982 2983 visibile³.

323 3037 382 3103 34.
409 3029 507 3102 Unio
524 3028 682 3100 calorum
698 3027 917 3098 diversorum
933 3037 1043 3122 auget
1059 3027 1225 3112 calorem
1242 3028 1309 3100 nisi
1331 3028 1427 3099 facta

397 3147 444 3218 sit
472 3145 674 3217 commistio
700 3165 897 3235 corporum.
949 3141 1048 3215 Nam
1074 3144 1175 3216 focus
1200 3167 1361 3238 magnus,
1387 3153 1425 3214 et

361 3328 368 3368 ¹
390 3328 524 3384 Common
544 3326 622 3380 fleme
640 3325 757 3398 requires
777 3323 853 3395 oxy-
894 3324 991 3380 schel'e
1005 3325 1159 3390 Disoonrse‚
1173 3327 1188 3395 §
1202 3339 1265 3398 347.

322 3425 384 3478 gen,
406 3405 460 3462 and
484 3403 614 3459 therefore
636 3404 753 3476 requires
772 3419 852 3466 more,
928 3402 1043 3458 ⁸“'l'he
1055 3403 1132 3459 lawe
1146 3403 1233 3459 ottho
1245 3402 1387 3460 &diction
1400 3403 1433 3458 oi

323 3488 341 3542 i.
350 3503 374 3540 e.
389 3485 437 3540 air.
472 3483 531 3538 'l'he
551 3499 611 3538 cese
631 3483 662 3537 oi
681 3481 854 3552 Gunpowder
896 3481 967 3536 lleat
986 3481 1055 3537 have
1075 3481 1142 3538 been
1163 3480 1250 3537 found
1270 3491 1299 3536 to
1320 3487 1431 3554 present

323 3565 346 3618 ie
359 3573 407 3618 not
418 3561 464 3617 the
480 3577 561 3624 same,
574 3577 604 3615 as
616 3559 690 3614 there
705 3559 750 3615 the
762 3560 853 3632 explo-
895 3569 989 3630 strong
1000 3561 1135 3632 analogice
1145 3559 1208 3615 with
1220 3559 1298 3615 those
1309 3559 1339 3615 ol
1347 3559 1432 3632 light

324 3643 385 3696 sion
400 3641 481 3695 arisee
498 3639 568 3693 trom
584 3638 661 3694 other
678 3655 788 3693 cenea:
807 3637 855 3692 the
895 3639 924 3692 in
935 3655 1009 3694 some
1024 3639 1124 3710 points,
1136 3637 1190 3693 and
1202 3637 1323 3708 nngalar
1338 3637 1430 3694 ‹litier-

325 3716 542 3774 “incsrceratio”
557 3717 620 3787 only
635 3716 709 3788 ςίνοι
729 3715 855 3771 direction
895 3734 974 3772 encee
989 3718 1018 3772 in
1031 3717 1151 3772 otherr.”
1186 3717 1263 3787 They
1276 3717 1344 3772 have
1362 3716 1431 3772 οωο

324 3795 555 3866 totheexploeive
566 3811 663 3865 power.
698 3794 856 3850 'lhesctual
896 3794 1071 3866 inveefigated
1087 3795 1123 3866 hy
1136 3795 1177 3849 M.
1191 3794 1310 3860 Pmroet,
1325 3794 1379 3851 and
1394 3795 1432 3868 hy

324 3875 470 3946 expansior
487 3871 577 3928 would
594 3872 628 3928 he
644 3873 703 3943 just
720 3872 766 3928 the
783 3889 856 3928 earne
897 3873 938 3927 Μ.
959 3873 998 3927 Μ.
1020 3873 1131 3944 Dulong
1148 3873 1202 3928 and
1221 3872 1298 3928 Petis
1335 3875 1375 3929 Ae
1391 3891 1432 3929 ere

325 3955 353 4008 in
365 3952 411 4008 the
423 3969 492 4022 open
504 3950 551 4006 air.
896 3951 1030 4021 approach
1044 3950 1090 4005 the
1108 3950 1240 4022 maheng
1257 3950 1332 4024 body
1347 3953 1432 4021 (whe-

360 4031 374 4070 ²
391 4036 410 4062 “
419 4029 629 4092 condensatos,
641 4028 760 4084 whether
775 4027 806 4082 oi
817 4029 856 4082 air
896 4028 957 4084 ther
967 4030 989 4084 it
1000 4029 1034 4084 be
1046 4029 1183 4084 luminous
1194 4046 1226 4084 or
1237 4029 1307 4099 hot),
1319 4047 1360 4086 we
1371 4047 1432 4102 per·

325 4110 362 4182 hy
373 4123 545 4180 preeeme,or
556 4108 587 4162 oi
595 4107 689 4161 metuis
700 4105 737 4178 hy
748 4123 856 4177 percus-
897 4107 969 4162 ceire
980 4123 996 4161 a
1007 4115 1111 4178 greater
1126 4107 1254 4178 intensity
1265 4107 1297 4162 ot
1307 4108 1433 4181 lighter

326 4187 394 4252 sion,
407 4188 430 4242 is
444 4203 460 4242 a
475 4185 603 4256 powerlul
622 4201 716 4240 source
731 4185 764 4241 oi
776 4185 855 4242 Heat.
899 4183 978 4249 Hert,
1003 4183 1057 4240 and
1077 4185 1134 4240 vice
1157 4203 1242 4241 versa.
1287 4185 1338 4243 See
1359 4186 1432 4244 ller-

324 4266 411 4332 lhus,
429 4265 489 4320 iron
507 4281 569 4335 may
586 4264 620 4320 he
638 4281 670 4319 so
687 4263 857 4337 dexterouely
898 4261 994 4320 echel'e
1007 4263 1159 4328 Discern,
1172 4264 1260 4334 §351.

325 4342 479 4400 hammone
492 4359 521 4398 ae
533 4351 561 4396 to
573 4342 606 4398 be
618 4342 754 4400 red-how
787 4341 856 4398 Her·
