3156 5176
305 327 371 393 288
633 323 808 390 NOVUM
830 323 1079 391 ORGANUM.

306 496 345 561 et
361 489 521 562 iudicant
536 489 622 582 quid
641 497 806 586 quantum
824 488 980 585 corporis
998 489 1106 560 meiat
1121 489 1168 560 ad
1184 485 1323 560 modum
1339 489 1413 560 oir-

306 607 399 680 tus.
450 603 509 678 Ac
528 607 644 700 primo
666 612 751 678 suut
767 604 933 699 quaedsm
957 605 1119 688 virtutes,
1135 625 1214 696 quae
1239 627 1310 676 non
1328 605 1413 676 sub-

306 723 439 794 sistunt
454 723 521 793 nisi
539 722 576 792 in
594 729 721 817 quanto
743 720 900 804 morico,
917 719 986 792 hcc
1002 728 1070 805 est,
1086 717 1151 790 tali
1168 727 1296 814 quanto
1313 719 1411 813 quod

306 834 437 908 habeat
462 857 673 908 consensum
698 843 778 906 tum
803 833 1084 928 configuratione
1109 839 1148 903 et
1173 831 1307 904 fabrica
1330 827 1413 904 uni·

306 952 408 1022 versi.
458 947 567 1021 Terre
582 951 679 1022 enim
695 957 790 1032 stat3
817 956 935 1042 partes
951 947 1028 1040 ejus
1044 947 1187 1018 cadunt.
1238 944 1354 1041 Aquae
1371 950 1411 1018 in

306 1064 461 1136 maribus
482 1063 601 1136 fluunt
616 1074 655 1137 et
677 1063 857 1146 refluunt;
884 1061 1056 1134 induviis
1079 1062 1238 1146 minime,
1255 1064 1323 1134 nisi
1346 1085 1412 1156 per

306 1183 502 1277 ingressum
530 1182 648 1252 maris.
699 1178 843 1254 Deinde
873 1179 981 1251 etiam
1006 1201 1131 1251 omnes
1157 1179 1233 1251 fere
1258 1180 1412 1252 virtutes

305 1298 535 1393 particulares
559 1297 753 1370 secuudum
772 1295 915 1371 multum
932 1306 996 1371 sut
1007 1319 1136 1392 pamm
1153 1297 1309 1389 corporis
1326 1319 1413 1390 cpe-

305 1424 438 1487 rantur.
488 1412 604 1509 Aquae
633 1414 737 1512 lcrgae
766 1437 838 1488 non
867 1414 971 1487 facile
1000 1424 1298 1508 corrumpuntur;
1332 1415 1412 1486 exi·

304 1555 384 1627 guoe
418 1533 502 1604 cito.
566 1532 731 1603 Mustum
765 1540 802 1602 et
837 1531 985 1604 cervisia
1017 1539 1266 1602 maturescunt
1302 1530 1412 1626 longe

306 1648 422 1734 citius,
453 1657 492 1718 et
520 1647 612 1718 liunt
643 1647 813 1740 potabilis
841 1649 879 1718 iu
910 1647 1049 1718 utribus
1078 1647 1205 1739 parvis,
1234 1668 1343 1739 quam
1372 1647 1413 1717 in

305 1763 410 1836 doliis
435 1764 585 1858 magnis.
637 1761 677 1834 Si
706 1763 816 1836 herba
843 1771 996 1856 ponatur
1022 1763 1061 1834 in
1086 1762 1220 1855 majore
1244 1763 1413 1856 portione

305 1880 462 1973 liquoris,
488 1879 530 1950 lit
554 1878 695 1964 inlusio,
722 1881 834 1974 magis
859 1902 968 1973 quam
993 1879 1192 1952 imbibitio:
1225 1879 1319 1950 siin
1344 1881 1414 1951 mi·

305 2019 401 2082 nore,
422 1996 465 2067 fit
490 1995 679 2082 imbibitic,
697 1997 810 2092 magis
836 2019 943 2090 quem
966 1995 1107 2068 infusio.
1159 1993 1274 2068 Aliud
1299 1997 1414 2092 igitur

306 2134 390 2208 erga
418 2135 545 2206 corpus
573 2111 769 2185 humanum
798 2121 855 2184 est
879 2111 1059 2195 balneum,
1084 2110 1182 2183 eliud
1209 2111 1297 2184 levis
1325 2114 1416 2186 irro-

305 2231 407 2302 ratio.
461 2229 581 2300 Etiam
598 2229 695 2322 parvi
712 2251 810 2300 rores
828 2230 866 2300 in
883 2231 964 2300 edre
986 2250 1171 2322 nunquam
1187 2229 1332 2311 cadunt,
1349 2230 1414 2302 sed

306 2345 532 2440 dissipantur,
550 2350 589 2413 et
607 2363 690 2414 cum
709 2343 790 2414 adre
812 2343 1092 2435 incorporantur.
1142 2341 1196 2414 Et
1213 2343 1335 2416 videre
1357 2355 1416 2417 est

305 2457 344 2528 in
361 2456 523 2530 anhelitu
548 2479 654 2549 super
674 2477 845 2550 gemmas,
864 2477 992 2549 parum
1014 2455 1103 2528 illud
1126 2455 1294 2540 humoris,
1312 2459 1416 2552 quasi

306 2572 517 2645 nubeculam
550 2581 658 2643 vento
688 2571 905 2665 dissipatam,
937 2573 1108 2643 continuo
1139 2571 1239 2643 solvi.
1290 2571 1415 2646 Etiam

306 2689 461 2760 frustum
495 2689 655 2781 ejusdem
684 2688 861 2782 magnetis
895 2710 968 2758 non
1002 2687 1112 2759 trahit
1145 2697 1288 2760 tantum
1317 2689 1415 2776 ferri,

308 2813 481 2898 quantum
498 2823 644 2897 magnes
662 2803 811 2898 integer.
865 2801 959 2875 Sunt
975 2806 1084 2876 etiam
1101 2806 1262 2890 virtutes,
1280 2807 1319 2877 in
1335 2807 1418 2900 qui·

308 2927 375 2998 bus
399 2927 553 3022 parvitas
576 2925 698 3021 quanti
720 2927 833 3020 magis
857 2935 996 3020 potest;
1030 2936 1073 2998 nt
1099 2929 1136 2998 in
1157 2927 1418 3020 penetrationi·

308 3043 386 3127 bus,
395 3042 508 3138 stylus
520 3051 646 3114 acutus
659 3043 764 3116 citius
776 3051 952 3136 penetrat,
963 3067 1069 3138 quam
1082 3044 1250 3128 obtusus;
1269 3043 1417 3116 mamas

308 3171 528 3256 punctuatus
544 3160 675 3254 sculpit
691 3161 728 3232 in
745 3161 848 3244 vitro,
866 3170 905 3233 et
920 3161 1058 3233 similia

296 3361 302 3376 ·
358 3275 496 3349 Verum
526 3298 597 3346 uon
628 3274 686 3347 hic
715 3276 927 3347 morandum
957 3285 1013 3348 est
1045 3277 1082 3348 in
1113 3275 1318 3358 indefinitis,
1350 3275 1415 3348 sed

308 3393 418 3465 etiam
447 3389 712 3464 deuotionibus
737 3391 859 3487 quanti
884 3394 1039 3486 corporis
1066 3415 1151 3488 ergo
1175 3392 1324 3464 modum
1347 3391 1418 3464 vir·

308 3511 396 3581 tutis
419 3508 681 3601 inquirendum.
733 3505 895 3582 Proclive
913 3509 1010 3581 enim
1028 3509 1121 3582 foret
1143 3509 1298 3592 credere,
1316 3509 1415 3601 quod

307 3626 461 3696 rationes
477 3625 601 3717 quanti
622 3625 776 3696 rationes
793 3625 934 3697 virtutis
957 3625 1205 3718 adaequereut;
1231 3633 1273 3694 ut
1289 3625 1320 3694 si
1341 3625 1417 3718 pila

306 3739 475 3834 plumbea
496 3741 601 3812 unius
623 3741 737 3812 uncioe
758 3741 904 3814 caderet
924 3741 960 3812 in
979 3741 1043 3814 tali
1068 3729 1239 3835 tempore,
1256 3739 1330 3834 pila
1349 3764 1417 3812 un-

306 3857 441 3928 ciarum
471 3855 622 3926 dusrum
653 3856 802 3930 deberet
833 3856 960 3930 cadere
989 3857 1100 3952 duplo
1129 3857 1290 3940 celerius,
1316 3857 1416 3950 qnod

307 3971 533 4044 falsissimum
559 3979 637 4056 est;
668 3995 735 4043 nec
758 3973 894 4046 eaedem
921 3973 1078 4046 rationes
1098 3973 1136 4044 in
1160 3973 1258 4044 omni
1280 3995 1417 4068 genere

308 4088 482 4159 virtutum
500 4084 633 4172 valent,
650 4089 712 4158 sed
737 4088 843 4183 longe
867 4089 1023 4163 diversae.
1075 4089 1205 4183 Itsque
1228 4089 1287 4160 hae
1313 4111 1416 4160 men·

306 4227 396 4276 surae
413 4225 460 4274 ex
476 4201 581 4274 rebus
598 4203 682 4298 ipsis
704 4205 869 4300 petendae
886 4213 982 4292 sunt,
1000 4215 1038 4280 et
1061 4228 1133 4278 uon
1151 4227 1198 4279 ex
1214 4203 1417 4278 verisimili-

307 4320 442 4405 tudine,
458 4327 523 4391 aut
539 4319 761 4412 conjecturis.
