3222 5148
330 347 393 414 170
661 347 833 414 NOVUM
856 349 1102 417 ORGANUM.

325 514 475 608 gradum
493 513 620 584 caloris
636 513 770 586 habant
790 517 835 587 ad
853 525 1011 600 tactum3
1031 517 1095 588 sed
1112 516 1280 588 videntur
1296 517 1428 590 habere

325 629 558 722 potentialem
582 638 724 701 tantum
747 631 925 723 quendam
948 631 1114 714 calorem,
1133 631 1207 702 sire
1224 631 1427 722 dispositio-

327 767 412 816 nem
430 753 468 816 et
484 747 774 839 praeparationem
792 746 836 816 ad
853 745 1019 816 calidum.
1054 744 1186 818 Postea
1202 747 1348 818 demum
1365 748 1429 818 de·

328 862 539 932 scandemus
555 861 600 931 ad
617 885 669 942 aa,
688 884 765 953 quae
782 867 867 932 sunt
886 870 968 932 actu
987 863 1061 932 sive
1082 861 1126 932 ad
1145 870 1282 933 tactum
1299 862 1426 944 calida,

328 998 523 1068 eorumque
541 976 770 1047 fortitudines
786 985 825 1048 et
840 977 979 1070 gradus

354 1128 388 1194 1.
406 1124 450 1195 In
468 1124 673 1217 corporibus
698 1124 818 1194 solidis
843 1132 881 1195 st
903 1123 1134 1218 tangibilibus
1158 1147 1230 1195 non
1247 1127 1429 1196 invenitur

401 1239 546 1332 aliquid,
572 1241 667 1332 quod
694 1241 731 1310 in
757 1249 884 1311 natura
908 1263 972 1312 sua
997 1239 1152 1311 calidum
1176 1242 1224 1312 sit
1249 1242 1429 1335 originali-

402 1351 500 1424 ter⁸¹.
553 1353 641 1424 Non
659 1355 755 1425 anim
778 1352 867 1447 lapis
888 1354 1025 1447 aliquis,
1043 1377 1115 1425 non
1139 1355 1338 1440 metallum,
1354 1378 1427 1427 non

402 1469 558 1564 sulphur,
576 1493 649 1539 non
666 1468 785 1541 fossile
802 1470 957 1563 aliquod,
974 1495 1045 1540 non
1063 1471 1212 1564 lignum,
1230 1494 1301 1544 non
1323 1495 1426 1565 aqna,

401 1609 473 1656 non
503 1585 654 1658 cadaver
682 1585 854 1668 animalis,
880 1587 1110 1659 inveniuntur
1135 1587 1261 1660 calida
1312 1587 1427 1681 Aque

400 1711 522 1774 autem
540 1701 663 1772 oalidae
689 1703 725 1772 in
751 1701 886 1772 balneis
902 1703 1069 1775 ridentur
1085 1703 1239 1776 calefieri
1256 1727 1320 1798 par
1335 1708 1428 1778 acci·

401 1819 497 1899 dem,
517 1818 591 1890 sive
616 1841 680 1912 per
704 1818 883 1890 flammam
909 1829 973 1890 aut
997 1821 1119 1912 ignem
1144 1821 1425 1906 subterraneum,

399 1933 514 2026 qualis
531 1957 578 2004 ex
598 1932 710 2006 AEtna
726 1944 764 2004 et
781 1935 962 2006 montibus
983 1933 1060 2006 aliis
1077 1935 1320 2028 compluribus
1343 1960 1427 2008 evo-

399 2047 559 2134 micui-⁸²3
576 2052 651 2122 sive
667 2073 712 2120 ex
727 2049 895 2121 conflictu
913 2073 1109 2143 corporum,
1123 2052 1425 2143 quemadmodum

400 2165 497 2238 calor
513 2165 555 2237 lit
577 2167 616 2236 in
639 2166 722 2238 ferri
746 2177 784 2236 st
808 2169 925 2238 stanni
943 2165 1243 2240 dissolutionibus.
1297 2169 1426 2262 Itaque

398 2279 529 2372 gradus
553 2278 679 2350 calens
705 2281 742 2350 in
767 2282 983 2366 inanimatis,
1009 2287 1186 2374 quatenus
1211 2285 1255 2354 ad
1283 2293 1423 2356 tactum

398 2394 606 2476 humanum,
632 2394 753 2466 nullus
777 2405 853 2480 est;
878 2407 1111 2469 veruntamen
1138 2397 1200 2469 illa
1223 2401 1334 2493 gradu
1362 2401 1425 2470 fri-

397 2511 492 2604 goris
522 2509 712 2592 differunt;
738 2534 809 2582 non
835 2513 932 2584 enim
958 2536 1058 2606 mque
1083 2514 1250 2608 frigidum
1279 2524 1334 2586 est
1359 2515 1426 2610 lig·

397 2647 495 2706 num,
512 2647 554 2696 aa
570 2625 767 2698 metallum.
820 2626 892 2700 Sed
919 2627 987 2698 hoo
1009 2629 1165 2723 pertinet
1188 2631 1232 2700 ad
1251 2629 1424 2702 Tabulam

398 2741 573 2834 gradumn
591 2742 628 2812 in
645 2741 784 2836 frigido.

349 2863 384 2930 2.
402 2855 578 2930 Attamen
591 2860 706 2951 quoad
726 2857 937 2952 potentiales
953 2858 1087 2930 calores
1101 2869 1141 2932 et
1153 2863 1425 2953 praeparationes

396 2976 442 3046 ad
468 2973 659 3059 flammam,
680 2975 863 3069 complura
887 2977 1118 3046 inveniuntur
1142 2979 1337 3048 inanimata
1361 2979 1425 3050 ad-

398 3091 546 3164 modum
563 3091 743 3185 disposita,
760 3101 802 3162 ut
818 3090 977 3184 sulphur,
994 3091 1161 3185 naphtha,
1178 3093 1391 3185 petroleum.

348 3215 383 3280 3.
400 3209 490 3293 Quae
514 3219 622 3280 antea
646 3208 880 3290 incaluerunt,
904 3216 946 3278 ut
970 3209 1075 3278 fimus
1101 3209 1252 3300 equinus
1277 3231 1325 3282 ex
1350 3210 1422 3281 ani·

398 3325 496 3409 mali,
512 3336 577 3398 aut
593 3324 682 3408 eulx,
696 3334 760 3394 aut
776 3325 923 3396 fortasse
941 3327 1039 3406 cinis,
1051 3334 1114 3395 aut
1133 3324 1246 3418 fuligo
1263 3347 1310 3398 ex
1328 3326 1422 3419 igno,

397 3442 563 3534 reliquias
580 3440 732 3511 latentes
748 3441 918 3533 quasdam
937 3438 1061 3510 caloris
1078 3441 1204 3532 prioris
1220 3436 1422 3514 retinentffl.

356 3601 849 3671 ⁸¹1uu1munceuroauymng.
926 3598 952 3639 ω
970 3600 1014 3656 All
1035 3600 1093 3654 that
1114 3600 1138 3654 is
1163 3601 1264 3656 known
1283 3618 1358 3670 upon
1379 3600 1426 3656 the

321 3682 367 3736 All
386 3680 480 3738 bodies
503 3698 546 3735 are
566 3679 671 3734 anduad
693 3678 755 3734 with
779 3677 851 3732 Haut
891 3676 996 3750 subject
1019 3678 1050 3733 ol
1070 3679 1115 3732 tha
1139 3679 1227 3750 origin
1248 3679 1280 3734 oi
1296 3679 1426 3736 Volcania

321 3777 396 3814 more
416 3776 448 3814 or
466 3760 535 3824 lam
559 3759 595 3812 all
615 3759 801 3829 aggregatione
822 3757 854 3812 os
891 3755 938 3809 dre
950 3756 973 3811 is
985 3767 1014 3811 to
1025 3755 1059 3811 be
1070 3757 1154 3812 lound
1167 3756 1425 3830 inDr.Daubeny's

320 3839 441 3910 partiales
458 3836 526 3892 bave
544 3853 618 3892 soma
632 3834 727 3907 degree
738 3835 770 3890 of
779 3836 851 3890 Haut
890 3833 1009 3889 lheatioe
1020 3852 1057 3888 on
1069 3835 1213 3889 Volcanoc.
1239 3835 1283 3890 cf.
1296 3853 1371 3906 supr.
1385 3835 1425 3890 ll.

318 3917 348 3972 in
360 3915 448 3981 tha-3
466 3915 521 3970 and
532 3915 578 3970 tho
589 3933 684 3970 reason
694 3914 754 3985 why
767 3914 850 3968 Metal
893 3929 935 3967 υ.
949 3912 1016 3968 inst.
1032 3929 1073 3968 ιο.

320 3996 344 4051 is
356 3994 446 4050 ooldsr
456 4003 485 4049 to
497 3992 542 4048 the
554 3993 635 4048 touch
648 3992 711 4046 than
724 3991 816 4046 Wood
826 3993 849 4046 is
926 3989 952 4030 Β
963 3997 982 4022 “
991 3991 1118 4064 Reliquiae
1131 3991 1278 4047 latentes’¹
1288 4001 1364 4048 must
1375 4001 1425 4047 not

318 4082 368 4130 not
384 4073 444 4128 that
459 4073 481 4127 it
498 4071 547 4126 hm
565 4089 638 4127 mora
655 4069 849 4124 inherentcold
892 4069 924 4124 be
948 4071 1080 4124 mistaken
1103 4069 1146 4125 lor
1168 4075 1187 4100 “
1200 4069 1297 4126 latent
1322 4069 1424 4134 aar?

319 4153 348 4208 iu
371 4153 401 4216 it.
422 4152 473 4208 but
496 4151 593 4222 simply
615 4149 729 4205 because
752 4149 783 4203 oi
803 4148 849 4204 tha
890 4146 976 4203 which
996 4165 1049 4203 uras
1070 4158 1118 4203 not
1139 4147 1293 4204 discovered
1312 4149 1352 4203 till
1372 4148 1423 4203 Dr.

318 4240 421 4304 greater
428 4229 570 4302 denaityol
578 4229 612 4284 ita
623 4228 755 4300 partiales,
762 4227 848 4282 which
891 4225 999 4282 Black’a
1035 4227 1221 4299 experimenta.
1254 4225 1424 4295 (Herachsl’s

319 4327 394 4382 earry
412 4311 455 4366 off
471 4327 487 4364 a
504 4309 544 4364 far
560 4317 665 4380 greatar
681 4306 802 4378 quantity
822 4305 851 4361 ol
891 4305 1036 4362 Discoursa
1047 4325 1084 4362 on
1096 4305 1160 4361 Nat.
1170 4305 1239 4361 Phil.
1253 4307 1268 4375 t
1276 4305 1338 4376 360,
1348 4303 1424 4376 361.)

320 4387 432 4444 Galeria.
471 4387 521 4442 Sca
533 4397 594 4442 nota
606 4385 650 4458 67.
888 4383 1018 4440 Turnar’s
1031 4385 1191 4457 Ohemistry,
1205 4385 1263 4438 Art.
1278 4383 1358 4438 llaat.
