3268 5146
310 337 374 400 182
636 335 811 403 NOVUM
834 331 1082 400 ORGANUM.

385 497 480 592 (plus
508 499 641 592 minua)
672 499 824 570 retineat
857 496 1022 580 oalorem,
1051 497 1104 566 ita
1136 503 1179 565 ut
1209 495 1308 588 tangi
1339 517 1411 566 non

384 612 523 708 possit⁹.

311 733 371 803 40.
389 729 472 813 Quo
488 731 606 800 minor
622 737 678 800 est
694 728 850 822 eorporis
874 725 997 810 moles,
1015 748 1059 797 so
1076 726 1182 797 nitius
1206 747 1271 818 per
1285 745 1414 816 eorpus

383 844 539 917 ealidum
563 845 850 938 approximatum
867 842 1072 925 inoalesoit3
1096 843 1136 912 id
1152 842 1249 934 qnod
1267 842 1414 914 demon-

293 947 295 950 ’
385 969 474 1032 strat
491 983 635 1032 omnem
651 959 806 1031 calorem
831 959 928 1052 apud
952 980 1017 1030 nos
1039 979 1118 1030 osae
1140 959 1279 1052 eorpori
1296 957 1414 1050 tungi-

386 1075 449 1147 bili
466 1075 730 1168 quodammodo
745 1075 936 1146 advereum
944 1073 978 1145 ¹⁰.

312 1194 372 1262 41.
389 1191 565 1274 Calidum,
578 1201 755 1285 quatenus
770 1191 815 1261 ad
832 1212 975 1261 mosum
993 1197 1032 1261 et
1048 1197 1188 1261 tantum
1204 1189 1413 1271 humanum,

387 1329 444 1380 res
459 1309 556 1378 varia
571 1317 627 1378 eet
643 1315 682 1378 et
698 1308 914 1400 respectiva:
940 1307 1030 1378 adeo
1054 1313 1097 1377 ut
1121 1328 1214 1398 aqua
1233 1305 1367 1397 tepida,
1383 1305 1414 1373 si

387 1445 513 1494 manus
529 1423 661 1518 frigore
677 1431 882 1515 oueupetur,
899 1422 1076 1494 sentiatur
1094 1443 1173 1492 esse
1197 1420 1333 1504 ealida;
1359 1421 1413 1490 sin

387 1561 513 1611 manua
528 1538 726 1621 inesluerit,
744 1539 883 1634 frigida

363 1817 480 1903 Qrmm
506 1819 629 1911 inopes
654 1821 763 1890 simm
788 1817 953 1900 historiae,
971 1819 1086 1911 quivis
1112 1817 1216 1890 fusile
1241 1817 1415 1900 advertet,

313 1957 396 2006 oum
413 1936 450 2005 iu
468 1931 591 2005 tubulis
614 1935 862 2028 superioribus,
879 1943 1116 2029 preterquam
1133 1935 1230 2027 quod
1248 1934 1327 2004 loeo
1343 1933 1417 2003 his·

314 2051 413 2120 toriae
437 2050 593 2144 probstae
618 2059 657 2122 et
682 2051 932 2121 instantiarum
954 2059 1132 2121 certarum
1158 2072 1415 2143 nonnunquam

313 2165 522 2238 traditiones
538 2175 576 2237 et
594 2165 783 2238 relationes
808 2167 1017 2250 inseramus,
1035 2166 1191 2260 (semper
1208 2175 1329 2238 tamen
1354 2167 1418 2236 ad-

306 2281 407 2374 jectu
440 2281 557 2353 dubiae
589 2281 673 2352 fidei
706 2291 746 2354 et
778 2279 1002 2353 auctoritatis
1035 2284 1135 2374 nota)
1170 2305 1417 2378 sepenumero

313 2399 423 2469 etiam
447 2397 546 2470 hisce
573 2398 697 2478 verbis,
718 2395 805 2470 Fiat
829 2399 1109 2494 summittentem,
1127 2399 1183 2471 vel
1201 2397 1418 2496 Inquirotur

313 2511 468 2596 ulterius,
485 2514 538 2584 uti
557 2511 766 2608 cogamur¹¹.

821 2654 909 2727 XV.

365 2768 490 2861 Atque
522 2790 611 2862 opus
645 2775 684 2840 et
717 2769 872 2842 officinm
910 2771 1036 2844 harum
1071 2773 1180 2842 trium
1215 2770 1417 2844 tabulamm

316 2882 599 2980 Comparentiam
620 2885 867 2956 instantiarum
891 2884 939 2956 ad
960 2885 1162 2958 intellectum
1181 2910 1306 2958 vocare
1331 2909 1419 2956 con-

314 3001 504 3072 suevimus.
545 2999 656 3071 Facta
671 3009 792 3074 autem
811 3002 1055 3098 comparantia,
1073 3006 1110 3073 in
1128 3025 1235 3096 opere
1251 3001 1419 3096 ponenda

314 3126 370 3186 est
390 3116 466 3210 ipsa
491 3113 656 3188 inductio.
708 3114 930 3188 Invenienda
954 3128 1010 3189 est
1033 3120 1141 3202 enim,
1159 3141 1266 3212 super
1282 3139 1419 3210 oompo·

314 3231 464 3302 rentiam
493 3233 654 3303 omnium
682 3239 721 3304 et
751 3233 971 3325 singularum
1001 3234 1262 3315 instantiarum,
1290 3242 1419 3304 natura

315 3347 407 3430 talis,
423 3369 503 3439 quae
519 3369 601 3417 eum
619 3355 746 3418 natura
763 3349 847 3418 date
863 3357 1037 3442 perpetuo
1055 3349 1160 3432 adsit,
1177 3350 1291 3436 absit;
1308 3357 1418 3440 atque

315 3469 463 3546 creseat,
486 3469 525 3533 et
545 3461 749 3547 decrescat3
775 3464 893 3555 sitque
917 3463 974 3554 (nt
999 3467 1160 3563 superius
1186 3465 1322 3536 dietum
1347 3463 1417 3552 est)

316 3575 483 3648 limitatio
500 3585 634 3650 naturoe
652 3579 764 3672 magis
781 3578 1023 3650 eommunisu.
1076 3579 1157 3652 Hoo
1175 3581 1204 3651 si
1222 3603 1323 3652 mens
1340 3583 1417 3673 jam

351 3795 682 3854 tanusoteonrseis
699 3799 847 3856 aeeounted
887 3799 1132 3874 iromthagreatsr
1149 3800 1270 3874 densim
1288 3803 1420 3858 tetrum

315 3873 463 3946 tnrbytlse
480 3875 847 3950 greaterdansityolatouea
887 3877 1422 3951 thenurnberotpartielsstobehsstatl.

316 3951 370 4010 and
382 3954 485 4010 ustus.
925 3955 946 3996 ¹¹
966 3957 1024 4012 'l'lre
1036 3959 1321 4020 commentantium
1332 3959 1422 4014 which

354 4029 638 4104 ¹¹Wrongngaiutor
649 4033 779 4089 thasama
791 4051 849 4088 rea·
891 4033 1006 4090 Baoon's
1026 4035 1123 4091 Tables
1143 4037 1248 4109 require
1267 4037 1351 4092 noeda
1371 4037 1423 4092 but

316 4125 377 4166 son.
407 4108 848 4168 Solidbodissarsthsbestcon·
889 4112 956 4166 little
979 4113 1112 4186 apolog„
1136 4114 1190 4168 and
1211 4113 1275 4187 they
1295 4115 1357 4171 vlro
1378 4133 1424 4172 are

316 4186 425 4244 (luston
448 4188 479 4244 ol
500 4186 586 4254 Haat;
611 4189 665 4246 and
688 4190 733 4246 tbs
755 4193 850 4261 longer
889 4189 1424 4264 hardupmumulgtmlltssolloet

316 4266 381 4322 time
394 4265 481 4322 which
500 4265 594 4322 bodies
612 4267 643 4322 oi
656 4279 760 4340 greater
776 4286 849 4324 mass
889 4268 1107 4340 thisAplrorism.

316 4345 378 4400 ake
388 4345 417 4400 in
429 4345 552 4420 growing
568 4345 625 4410 hot,
640 4345 721 4402 atissa
738 4347 849 4419 entioely
927 4345 951 4386 ¹¹
967 4345 1225 4420 Ot.snpr.ll.4,&c.
1236 4349 1381 4420 Appendix
1389 4349 1425 4406 ll.
