3222 5148
645 361 734 428 LIB.
757 362 801 428 Il.
821 383 870 430 12.
1244 361 1308 432 163

205 524 351 618 gentius
367 525 630 618 inquirendum.
683 525 805 600 Primo
829 529 923 600 enim
948 549 1020 602 non
1046 528 1178 622 absque
1201 553 1307 603 causa

205 641 243 710 in
260 639 522 712 dubitationem
538 643 649 726 venit,
665 642 779 736 qualis
796 646 843 716 eit
860 653 988 716 natura
1010 645 1112 728 adria
1130 655 1306 738 quatenns

204 756 250 826 ad
267 754 423 826 calidum
441 765 480 827 et
498 758 667 852 frigidum
685 759 721 828 in
739 768 867 830 natura
883 781 947 830 sun
963 761 1114 852 propria.
1162 760 1306 853 Recipit

202 873 301 944 enim
317 874 377 943 aer
393 872 549 944 calidum
567 874 759 946 manifesto
776 897 823 946 ex
840 876 1071 967 impressione
1089 874 1305 960 coelcstium3

206 987 374 1082 frigidum
399 999 521 1060 antem
546 990 693 1061 fortasse
716 991 761 1062 ab
776 991 1001 1084 expiratione
1019 999 1142 1076 terrae3
1167 1002 1207 1063 et
1232 1015 1308 1064 rur·

203 1125 264 1174 sua
286 1104 324 1174 in
346 1106 465 1176 media
480 1104 607 1198 (qnam
625 1110 767 1198 vocant)
790 1107 937 1200 regione
963 1106 1063 1190 aeris,
1081 1129 1104 1177 a
1120 1108 1307 1199 vaporibus

204 1218 342 1312 frigidis
357 1229 397 1291 et
413 1220 574 1293 nivibus:
601 1233 644 1290 ut
669 1219 807 1292 nullum
826 1221 1003 1312 judicium
1030 1221 1105 1292 lieri
1132 1222 1243 1313 possit
1261 1223 1306 1294 de

202 1335 294 1406 aeris
310 1344 436 1406 natura
451 1357 515 1428 per
531 1338 659 1416 aerem,
676 1336 739 1428 qui
756 1336 850 1407 foras
864 1345 922 1408 est
938 1345 978 1408 et
992 1336 1060 1406 sub
1079 1337 1149 1418 dio,
1166 1338 1230 1407 sed
1248 1359 1308 1408 ve-

202 1450 275 1520 rius
291 1451 384 1521 foret
394 1451 573 1544 judicium
590 1474 654 1543 per
670 1452 798 1533 adrem,
816 1448 1033 1521 conclusum.
1086 1449 1201 1544 Atqui
1218 1475 1306 1545 opus

201 1574 259 1636 est
282 1567 392 1637 etiam
418 1574 461 1637 ut
485 1567 545 1637 abr
568 1565 803 1637 concludatur
825 1566 864 1634 in
886 1563 950 1635 tali
975 1585 1058 1635 vose
1081 1573 1122 1636 et
1146 1569 1305 1648 materia,

203 1705 281 1773 quae
296 1705 363 1752 nec
381 1683 457 1774 ipsa
472 1682 611 1754 imbuat
628 1683 743 1752 aerem
763 1679 878 1751 calido
892 1679 948 1750 vel
962 1679 1093 1773 frigido
1108 1703 1156 1753 ex
1172 1683 1207 1752 vi
1225 1706 1306 1777 pro·

203 1798 290 1890 pria,
307 1821 373 1869 nee
392 1797 495 1870 facile
520 1799 690 1869 admittat
707 1797 779 1866 vim
797 1797 887 1866 aeris
904 1797 1077 1867 extranei.
1131 1795 1213 1869 Fiat
1237 1801 1306 1872 ita-

138 1887 145 1914 ³
203 1935 273 2004 qne
290 1914 576 2006 experimentum
595 1935 657 2005 per
669 1911 777 1983 ollam
794 1911 980 2006 figularam
998 1911 1189 2006 multiplici
1208 1917 1304 1987 corio

203 2028 394 2100 obductam
410 2031 455 2099 ed
474 2029 705 2099 muniendam
723 2029 834 2120 ipsam
853 2028 898 2098 ab
915 2029 996 2098 aare
1013 2025 1195 2114 extraneo,
1210 2029 1306 2102 facta

203 2166 301 2214 mora
325 2169 388 2238 per
410 2154 483 2216 tres
508 2155 571 2216 aut
594 2155 747 2237 quatuor
764 2144 839 2214 dies
860 2145 896 2214 in
915 2167 997 2215 vase
1021 2144 1114 2216 bene
1141 2146 1303 2219 occluso:

199 2260 435 2353 deprehensio
461 2269 583 2332 autem
610 2261 657 2331 sit
682 2271 762 2352 post
789 2261 1010 2352 apertionem
1037 2261 1137 2344 vasis,
1158 2261 1215 2332 vel
1241 2286 1305 2357 per

202 2399 358 2459 manum,
376 2379 433 2447 vel
450 2400 515 2471 per
531 2377 662 2446 vitrum
679 2373 854 2469 graduum
873 2374 995 2446 ordine
1012 2375 1240 2470 applicatum.

545 2592 609 2666 Ad
623 2591 790 2665 decimam
808 2593 955 2664 tertiam.

253 2732 311 2806 19.
338 2727 471 2800 Subest
496 2726 660 2800 similiter
676 2727 864 2811 dubitatio,
882 2735 1005 2798 utrum
1022 2736 1126 2820 tepor
1148 2729 1185 2798 in
1208 2729 1300 2814 lana,

200 2851 240 2914 et
264 2841 428 2934 pellibus,
453 2852 493 2914 et
517 2841 659 2936 plumis,
683 2851 721 2913 et
746 2843 960 2934 hujusmodi,
985 2843 1049 2913 fiat
1075 2865 1120 2914 ex
1147 2847 1301 2936 quodam

199 2957 284 3028 exili
302 2959 418 3028 calore
436 2958 640 3041 inhaerente,
655 2969 830 3050 quatenus
848 2967 1090 3029 excernuntur
1105 2960 1151 3030 ab
1167 2961 1303 3031 anime·

199 3072 313 3161 libus;
339 3075 529 3146 autetiam
546 3074 593 3144 ob
609 3073 864 3168 pinguedinem
883 3073 1064 3164 quandam
1081 3083 1120 3144 et
1136 3072 1302 3147 oleosita·

198 3196 282 3271 tem,
302 3209 380 3282 quae
396 3190 444 3259 sit
460 3199 594 3260 naturae
611 3209 775 3282 congrue
791 3211 874 3258 cum
892 3197 1036 3280 tepore3
1057 3187 1113 3259 vel
1131 3193 1236 3280 plane
1253 3192 1301 3261 ob

178 3359 180 3363 .
197 3301 460 3374 conclusionem
478 3314 516 3374 ct
534 3304 742 3375 fractionem
769 3305 868 3386 aeris,
887 3303 982 3373 utin
1001 3303 1154 3375 articulo
1171 3327 1301 3398 praece-

197 3418 306 3489 dente
332 3419 557 3489 dictumest.
600 3416 758 3489 Videtur
780 3419 876 3487 enim
901 3419 1015 3488 omnis
1040 3420 1109 3501 aer,
1127 3419 1300 3490 abscissus

142 3527 152 3548 ⁵
196 3557 218 3605 a
238 3533 476 3604 continuitate
501 3534 589 3605 a'e'ris
613 3533 787 3614 forinseci,
811 3529 942 3603 habere
968 3533 1132 3604 nonnilril
1156 3533 1299 3628 teporis.

197 3648 325 3742 Itaque
343 3649 406 3720 liat
424 3652 709 3742 experimentum
726 3649 762 3719 in
781 3648 929 3728 fibrosis,
941 3671 1020 3740 quae
1037 3649 1130 3719 liunt
1146 3673 1192 3720 ex
1210 3649 1298 3735 lino;

196 3787 267 3834 non
292 3787 339 3836 ex
365 3763 455 3846 lana,
479 3773 540 3835 aut
566 3763 706 3858 plumis,
729 3773 792 3835 ant
817 3765 937 3847 serico,
956 3787 1033 3856 quae
1059 3775 1300 3837 excernuntur

194 3880 240 3950 ab
255 3879 431 3950 animatis.
458 3878 671 3950 Notandum
688 3887 743 3950 est
760 3880 879 3962 etiam,
897 3901 1021 3952 omnes
1038 3881 1202 3974 pulveres
1220 3883 1298 3975 (ubi

193 3993 384 4066 manifesto
414 3995 611 4066 includitur
639 3997 718 4088 adr)
750 3995 866 4065 minus
896 4017 972 4066 esse
1004 3995 1160 4090 frigidos,
1191 4020 1298 4090 quam

193 4133 341 4204 corpora
363 4112 504 4206 integra
526 4113 703 4204 ipsorum3
730 4111 1029 4202 quemadmodum
1048 4112 1157 4182 etiam
1175 4114 1299 4183 existi·

193 4248 342 4307 mamus,
361 4248 503 4297 omnem
525 4249 685 4320 spumam
707 4229 849 4318 (utpote
866 4248 945 4317 quae
961 4227 1079 4297 a'e'rem
1097 4228 1295 4317 contineat)

192 4340 313 4410 minus
330 4361 406 4410 esse
425 4340 600 4436 frigidam,
619 4363 726 4431 quam
743 4338 916 4430 liquorem
937 4341 1064 4431 ipsum.

711 4474 780 4523 un
