3222 5148
581 353 669 420 LIB.
694 353 722 418 1.
742 355 898 441 128,129.
1225 355 1290 422 127

182 529 275 604 sunt,
293 543 362 592 nec
386 541 532 615 magnos
559 521 598 591 in
625 519 853 592 scientiarum
874 517 1043 589 doctrinis
1065 526 1104 590 et
1126 525 1287 589 contem-

183 635 342 730 pletione
375 657 577 730 progressus
605 635 692 718 ficri,
723 657 789 706 nec
823 634 902 705 illas
935 635 980 705 ad
1013 632 1286 727 amplitudinem

182 773 331 844 operum
348 751 478 822 deduci
495 773 609 844 posse.

233 993 406 1089 Superest
421 1003 463 1066 ut
479 997 526 1068 de
543 995 622 1066 finis
643 887 862 1067 Sssffiffi,
883 1016 997 1088 peuce
1012 995 1182 1065 dicamus.
1233 990 1289 1078 Ea

183 1113 212 1184 si
238 1111 335 1206 prius
362 1111 458 1184 dicta
484 1111 643 1194 firissent,
662 1112 754 1183 rotis
778 1110 907 1182 similis
928 1110 1040 1181 videri
1065 1111 1286 1204 potuissent:

184 1227 247 1300 scd
272 1249 335 1320 spe
352 1227 430 1318 jam
453 1227 559 1311 fucta,
576 1237 615 1299 et
637 1228 767 1318 iniquis
792 1227 1007 1321 prejudiciis
1031 1225 1188 1308 sublatis,
1208 1226 1289 1321 plur

183 1343 333 1414 fortasse
356 1341 522 1436 ponderis
539 1343 733 1414 habebunt.
785 1342 891 1426 Quod
908 1342 938 1414 si
954 1365 1021 1413 nos
1038 1343 1157 1412 omnia
1173 1341 1290 1436 perfe-

184 1461 354 1532 cissemus
370 1467 409 1530 et
425 1459 531 1552 plane
550 1457 834 1543 absolvissemus,
851 1483 919 1531 nec
935 1459 1023 1532 alios
1039 1459 1076 1529 in
1094 1469 1233 1553 partem
1250 1467 1290 1531 et

185 1575 404 1647 consortium
421 1574 583 1646 laborum
606 1575 757 1647 subinde
778 1598 1006 1660 vocaremus3
1028 1577 1137 1647 etiam
1154 1575 1199 1646 ab
1223 1574 1290 1645 bu-

179 1690 339 1784 jusmodi
379 1690 495 1762 verbis
535 1691 838 1774 abstinuissemus,
882 1714 928 1763 ne
968 1692 1214 1784 acciperentur
1252 1691 1290 1761 in

185 1807 475 1901 predicationem
503 1807 622 1878 meriti
654 1808 775 1878 nostri.
828 1807 920 1878 Cum
950 1829 1033 1878 vero
1060 1805 1211 1876 aliorum
1236 1807 1290 1877 in·

187 1923 323 1994 dustrin
350 1923 510 1996 acuenda
540 1924 597 2005 sit,
620 1931 660 1994 et
687 1922 797 1993 animi
824 1922 1004 1994 excitandi
1031 1930 1139 2014 atque
1165 1942 1291 1992 eccen-

187 2039 318 2125 dendi;
352 2047 631 2110 consentaneum
656 2047 722 2121 est,
749 2047 792 2110 ut
826 2038 987 2130 quaedam
1016 2037 1220 2108 hominibus
1252 2038 1290 2107 in

187 2163 349 2230 mentem
367 2155 579 2249 redigemus.

239 2269 361 2344 Primo
390 2273 524 2365 itaque,
550 2271 693 2344 videtur
719 2272 945 2343 inventorum
975 2270 1151 2342 nobilium
1180 2270 1292 2341 intro·

188 2387 310 2460 ductio
344 2389 439 2462 inter
470 2390 628 2462 actiones
661 2391 834 2461 humanas
868 2388 974 2484 longe
1010 2389 1140 2482 primas
1173 2397 1292 2481 perte·

189 2513 334 2576 tenere:
377 2505 415 2575 id
449 2506 543 2597 quod
577 2507 724 2600 antiqua
761 2505 889 2578 saecule
919 2506 1182 2598 judicaverunt.
1238 2503 1292 2575 Ea

191 2621 288 2692 enim
315 2643 434 2692 rerum
458 2622 702 2695 inventoribus
728 2624 866 2694 divinos
889 2624 1041 2696 honores
1067 2622 1291 2693 tribuerunt:

190 2737 235 2808 iis
262 2745 395 2821 eutem,
414 2739 476 2830 qui
502 2738 539 2808 in
568 2738 674 2808 rebus
703 2738 867 2810 civilibus
895 2737 1134 2821 merebantur,
1157 2734 1294 2830 (quales

193 2862 295 2924 erant
324 2853 468 2924 urbium
498 2863 537 2924 et
566 2854 794 2948 imperiorum
828 2855 1038 2936 conditores,
1066 2851 1293 2948 legislatores,

192 2968 391 3060 patriorum
419 2991 442 3039 a
466 2967 643 3040 diuturnis
677 2969 779 3042 melis
813 2969 1031 3053 liberatores,
1065 2969 1294 3063 tyrannidum

193 3082 440 3168 debellatores,
466 3095 505 3156 et
537 3085 592 3156 bis
625 3085 772 3180 similes)
798 3087 947 3158 heroum
972 3096 1114 3158 tanturn
1143 3085 1296 3156 honores

193 3202 439 3274 decreverunt.
491 3201 617 3295 Atque
643 3211 741 3273 certe
767 3205 796 3274 si
824 3203 903 3294 quis
930 3225 974 3274 ea
1001 3210 1099 3274 recte
1126 3201 1294 3283 conferat,

186 3317 328 3410 justum
357 3317 425 3390 hoc
451 3320 557 3411 prisci
587 3319 706 3390 seculi
729 3320 907 3411 judicium
933 3321 1096 3412 reperiet.
1148 3316 1295 3388 Etenim

193 3435 422 3506 inventorum
448 3434 621 3506 beneficia
650 3435 694 3506 ad
723 3436 927 3506 universum
956 3457 1070 3529 genus
1098 3434 1296 3504 humanum

193 3552 374 3645 pertinere
392 3561 559 3643 possunt3
585 3551 702 3624 civilia
719 3553 764 3623 ad
783 3562 897 3624 certos
917 3550 1166 3622 tantummodo
1182 3548 1298 3620 homi-

193 3689 281 3738 num
299 3667 420 3740 sedes:
446 3667 522 3738 haec
539 3670 649 3740 etiam
666 3691 739 3740 non
755 3667 851 3740 ultra
865 3691 994 3762 paucas
1010 3677 1135 3740 aetates
1151 3669 1297 3749 durent3

193 3784 257 3855 illa
281 3785 382 3877 quasi
406 3786 587 3878 perpetuis
612 3785 841 3879 temporibus.
892 3784 1015 3877 Atque
1040 3794 1153 3857 status
1178 3805 1300 3854 emen-

194 3900 292 3972 datio
315 3901 352 3971 in
371 3900 534 3972 civilibus
555 3925 628 3972 non
645 3902 722 3973 sine
739 3903 773 3972 vi
797 3910 836 3974 et
855 3902 1121 3995 perturbatione
1143 3901 1300 3995 plerum-

195 4040 267 4112 que
284 4019 466 4111 procedit:
493 4028 534 4108 at
549 4019 694 4090 inventa
710 4017 830 4102 beant,
847 4027 886 4090 et
902 4017 1114 4091 beneficium
1132 4019 1300 4091 deferunt

195 4134 330 4228 absque
347 4132 496 4228 alicujus
513 4137 641 4227 injurio
656 4145 720 4207 aut
738 4136 892 4207 tristitia.

247 4249 370 4322 Etiam
386 4253 533 4323 invente
549 4253 648 4346 quasi
665 4275 768 4324 novoe
785 4253 981 4324 creationes
998 4260 1090 4337 sunt,
1108 4262 1147 4324 et
1164 4251 1301 4323 divino·

197 4389 277 4437 rum
295 4389 443 4460 operum
461 4368 695 4449 imitamenta,
714 4377 756 4438 ut
772 4368 865 4439 bene
882 4368 1012 4440 cecinit
1028 4367 1109 4439 ille=
