3078 5180
343 345 365 403 2
669 342 844 409 NOVUM
867 341 1114 408 ORGANUM.

341 506 566 579 affectatione
589 508 757 600 provecti,
776 529 915 599 prorsus
935 507 1082 577 modum
1099 513 1338 578 excesserunt.
1390 503 1443 575 At

342 625 556 714 antiquiores
572 647 619 696 ex
633 621 792 695 Graeeis³
809 621 974 716 (quorum
992 623 1122 716 scripta
1138 623 1336 716 perierunt)
1350 621 1443 692 inter

341 740 593 832 pronuntiandi
614 741 825 832 jactantiam
851 747 890 809 et
917 736 1133 834 ucululcpaice
1160 738 1442 832 desperationem

340 856 549 950 prudentius
572 879 609 928 se
633 857 896 927 sustinuerunt:
923 867 1031 946 atque
1052 856 1096 926 de
1116 855 1353 948 inquisitionis
1374 853 1442 924 dif-

340 971 512 1058 ficultate,
535 981 574 1043 et
599 995 715 1042 rerum
742 972 969 1052 obscuritate,
993 973 1118 1064 saepius
1141 971 1379 1062 querimonias
1404 981 1442 1042 et

340 1089 601 1180 indignationes
626 1088 826 1168 miscentes,
851 1099 888 1156 et
914 1086 1025 1158 veluti
1051 1087 1201 1158 fraenum
1225 1087 1442 1167 mordentes,

339 1213 461 1276 tamen
486 1206 704 1296 propositum
730 1226 866 1296 urgere,
887 1213 996 1294 atque
1019 1214 1153 1274 naturae
1179 1226 1217 1273 se
1243 1203 1442 1273 immiscere

339 1342 410 1390 non
432 1319 669 1390 destiterunt:
695 1328 971 1390 consentaneum
991 1325 1047 1410 (ιιι
1067 1319 1219 1406 videtur)
1238 1319 1443 1389 existiman-

339 1445 404 1518 tes,
421 1435 489 1506 hoc
507 1435 622 1528 ipsum
642 1435 824 1528 (videlicet
843 1445 963 1505 utrum
980 1435 1114 1526 aliquid
1131 1436 1209 1505 seiri
1228 1434 1353 1528 possit)
1372 1457 1441 1504 non

339 1553 532 1644 disputare,
550 1551 611 1622 sed
630 1552 802 1644 experiri:
828 1561 866 1621 et
890 1561 1012 1623 tamen
1037 1551 1088 1620 illi
1111 1551 1189 1644 ipsi,
1206 1552 1343 1643 impetu
1364 1559 1442 1621 tan·

339 1675 417 1737 tum
452 1666 657 1738 intellectus
693 1669 757 1750 usi,
792 1666 949 1760 regulam
988 1690 1059 1736 non
1096 1666 1346 1749 adhibuerunt,
1380 1667 1440 1738 sed

338 1783 459 1853 omnia
475 1784 512 1852 in
530 1784 600 1852 acri
622 1781 855 1852 meditatione
872 1790 911 1852 et
930 1783 1061 1852 mentis
1078 1781 1298 1853 volutatione
1315 1791 1353 1853 et
1370 1783 1442 1876 agi·

339 1899 474 1970 tatione
491 1907 664 1992 perpetua
682 1907 885 1991 posuerunt.

390 2017 525 2089 Nostra
547 2027 667 2088 autem
692 2017 794 2100 ratic,
811 2027 852 2087 ut
876 2037 983 2110 opere
1005 2017 1123 2098 ardua,
1141 2015 1193 2085 ita
1213 2016 1312 2086 dictu
1330 2015 1442 2086 facilis

339 2143 404 2206 est.
454 2134 511 2206 Ea
528 2137 622 2206 enim
642 2145 706 2207 est.
725 2143 766 2204 ut
784 2133 1008 2205 certitudinis
1024 2131 1155 2226 gradus
1172 2134 1441 2218 constituemus,

338 2274 480 2323 sensum
504 2276 568 2346 per
587 2251 833 2324 reductionem
851 2249 1027 2342 quandam
1047 2247 1245 2331 tueamur⁴,
1263 2249 1325 2319 sed
1343 2271 1442 2320 men-

337 2369 384 2438 tis
406 2391 505 2460 opus,
524 2368 620 2460 quod
647 2389 788 2438 sensum
815 2367 1051 2458 subsequitur,
1073 2364 1283 2458 plerumque
1308 2366 1443 2458 rejicia-

337 2483 462 2568 mus⁵;
487 2506 613 2553 novam
637 2493 758 2554 autem
781 2490 819 2552 et
837 2491 970 2553 certam
990 2485 1092 2564 viam,
1110 2481 1154 2551 ab
1172 2481 1255 2574 ipsis
1273 2504 1440 2552 sensuum

336 2600 632 2692 perceptionibus,
650 2599 762 2668 menti
784 2599 981 2691 aperiamus
998 2608 1036 2668 et
1053 2599 1265 2670 muniamus.
1316 2597 1441 2692 Atque

336 2715 405 2785 hoc
429 2715 662 2808 proculdubio
686 2715 851 2782 viderunt
877 2721 915 2784 et
940 2713 1002 2797 illi,
1021 2715 1080 2806 qui
1105 2725 1223 2784 tantas
1246 2713 1441 2786 dialecticae

370 2894 708 2966 ³ct.1.sph.71‚89.and
717 2895 866 2966 Dehugm.
907 2905 938 2952 ut
957 2915 1053 2952 sensus
1074 2907 1179 2952 tantum
1199 2897 1232 2952 de
1251 2899 1440 2970 experimento,

336 2973 488 3042 se.111.4.
907 2977 1118 3046 experimentum
1131 2975 1204 3031 dere
1211 2976 1323 3048 judicet.
1350 2979 1440 3038 Quare

370 3053 482 3108 ⁴Shnw
504 3053 625 3124 explains
655 3051 708 3106 this
738 3051 866 3124 difficulty
908 3055 1089 3110 existimamus
1111 3073 1162 3108 nos
1184 3073 1280 3110 sensus
1299 3057 1440 3112 Antish'tes

333 3132 412 3188 thus:
427 3131 493 3203 “By
502 3131 733 3202 contrivingwnys
742 3130 866 3185 oftrans-
908 3133 1053 3204 religiosos,
1073 3143 1099 3189 et
1118 3136 1288 3188 oraculorum
1307 3136 1366 3206 ejus
1386 3153 1439 3190 non

334 3211 443 3282 mitting
460 3211 553 3282 things
571 3211 599 3264 in
615 3228 631 3264 a
647 3227 742 3280 proper
757 3227 869 3264 manner
908 3211 1044 3282 imperitos
1070 3213 1230 3283 interpretes
1257 3231 1308 3268 noa
1338 3217 1440 3284 presti-
1517 3225 1518 3242 ¹

333 3299 362 3344 to
380 3290 426 3344 the
443 3307 542 3353 senece,
556 3289 614 3342 that
625 3305 641 3341 a
653 3297 711 3342 true
723 3287 867 3359 judgment
909 3289 987 3344 tiase:
1015 3301 1046 3345 ιιι
1066 3291 1110 3344 alii
1131 3291 1294 3360 professione
1314 3293 1439 3364 quadam,

334 3387 395 3440 may
409 3368 443 3424 be
457 3367 560 3423 formed
578 3368 609 3422 of
625 3366 697 3420 them
710 3367 787 3420 when
803 3366 866 3420 thus
908 3383 958 3421 nos
980 3369 1067 3439 reipsa
1088 3387 1197 3423 sensum
1219 3371 1286 3422 tueri
1307 3387 1337 3424 ac
1357 3373 1440 3426 colere

332 3448 412 3518 again
442 3445 561 3516 brought
590 3443 678 3499 under
702 3445 796 3498 view.’'
842 3445 867 3500 lt
908 3445 1074 3500 udmmurss'

334 3543 420 3580 seems
432 3526 529 3595 simply
542 3533 570 3578 to
582 3541 660 3578 mean
674 3523 867 3592 “strengthen-
943 3524 1111 3596 ⁵Rejecting
1135 3525 1212 3580 those
1232 3525 1309 3596 hasty
1331 3529 1439 3582 conclu·
1516 3581 1517 3600 ,

334 3604 382 3674 ing
399 3601 452 3657 and
471 3601 616 3672 defending
634 3600 679 3654 the
695 3601 828 3672 authority
840 3603 870 3656 of
908 3601 981 3657 sione
999 3613 1027 3656 to
1044 3603 1131 3656 which
1150 3602 1196 3657 the
1210 3604 1330 3658 intellect
1347 3606 1395 3660 left
1412 3615 1440 3660 to
1516 3603 1517 3630 ¹

334 3681 380 3738 the
398 3699 488 3736 senses
506 3681 542 3751 by
557 3680 673 3750 keeping
691 3679 763 3734 them
776 3681 866 3734 within
908 3681 981 3736 iteelf
1004 3683 1057 3736 will
1084 3683 1143 3752 leap
1169 3682 1348 3754 immediately
1375 3685 1441 3740 after

333 3759 403 3814 their
415 3777 511 3830 proper
522 3760 604 3813 limite
613 3759 641 3822 5⁸³
661 3775 690 3812 as
704 3757 794 3812 Baton
807 3777 867 3830 says
908 3761 1022 3814 sensible
1042 3761 1229 3832 appreciation.
1272 3761 1344 3816 llere
1362 3765 1439 3835 again

334 3837 371 3905 (l.
391 3837 464 3906 126.)
487 3836 609 3891 “sensui
631 3852 685 3889 non
708 3835 867 3906 derogemus
908 3835 952 3891 the
968 3839 1127 3893 Distributio
1142 3839 1242 3894 throws
1258 3839 1327 3910 light
1342 3859 1380 3895 on
1394 3842 1440 3895 the

335 3915 383 3971 sed
401 3915 611 3970 ministramus.”
651 3913 676 3968 lt
690 3915 741 3968 will
759 3915 868 3969 hebeat
908 3917 1033 3988 meaning
1057 3917 1171 3976 “Quod
1196 3935 1259 3972 vero
1286 3921 1380 3974 attinet
1406 3920 1440 3974 sd
1515 3939 1516 3948 ¹

334 3993 482 4064 explained,
501 3993 624 4064 perhaps,
642 3990 678 4062 hy
692 3993 822 4048 reference
840 4003 868 4046 to
909 3995 1030 4048 notiones
1055 3995 1154 4064 primas
1177 3996 1343 4062 intellectum
1374 3999 1439 4054 nihil

333 4071 395 4128 that
412 4082 471 4142 part
488 4071 519 4126 of
534 4071 579 4126 the
595 4070 787 4125 “Distributio
804 4088 867 4141 ope-
909 4083 950 4126 est
964 4091 1068 4140 eorum,
1080 4091 1142 4144 quae
1154 4075 1301 4130 intellectus
1314 4076 1366 4130 sihi
1380 4095 1438 4147 per·

334 4151 400 4214 ria,’'
413 4150 499 4204 which
517 4150 597 4204 refers
616 4159 645 4203 tc
661 4145 705 4202 the
718 4149 787 4203 Nov.
799 4149 867 4220 Org.
908 4151 1006 4206 missus
1031 4153 1173 4223 congessit,
1198 4154 1263 4225 quin
1288 4155 1366 4209 nobis
1390 4173 1439 4225 pro

261 4281 269 4310 ι
333 4230 421 4285 where
437 4229 471 4284 he
484 4247 554 4298 says,
568 4235 586 4258 “
596 4227 759 4296 Pereeptioni
772 4245 867 4282 sensus
908 4239 1032 4300 suspecto
1049 4229 1091 4294 ait,
1105 4248 1154 4286 nec
1169 4232 1225 4285 ullo
1243 4231 1438 4294 moderatum,

333 4307 491 4364 hnmedistae
506 4325 537 4362 ae
554 4306 667 4378 propriae
682 4321 735 4359 non
750 4307 866 4360 multum
908 4307 958 4360 nisi
969 4307 1149 4380 novojudieio
1159 4328 1187 4364 se
1196 4310 1334 4374 stiteritet
1343 4329 1437 4366 secun-

333 4387 492 4442 tribuimus:
512 4384 560 4440 sed
578 4403 609 4440 eo
626 4401 681 4438 rem
699 4382 866 4448 deducimus,
908 4385 972 4440 dum
985 4387 1049 4440 illud
1063 4389 1269 4458 pronunciatum
1281 4387 1389 4444 fuerit.”
