3222 5148
603 335 873 422 umnam
1249 341 1293 406 u

233 499 414 574 Auctores
440 523 522 571 vero
547 502 643 593 quod
666 498 840 585 atunetffl,
857 524 1004 573 summae
1021 501 1291 596 pusillanimita-

184 619 231 689 tis
247 627 314 701 est,
333 618 536 690 auctoribus
560 617 699 688 infinita
721 619 889 701 tribuere,
907 621 1042 691 auctori
1066 630 1187 692 autem
1207 644 1291 696 auc-

183 741 316 816 torum,
328 740 438 825 atque
455 733 543 804 adeo
560 733 676 804 omnis
691 733 922 815 auctoritatis,
936 736 1097 827 tempori,
1109 737 1289 828 jussuum

184 849 374 943 denegare.
426 849 540 921 Recte
564 849 665 934 ‚euim
693 851 822 920 veritas
853 852 1022 944 temporis
1048 851 1122 923 filia
1151 853 1289 937 dicitur,

185 985 259 1033 non
276 965 511 1035 auctoritatis.
563 963 691 1056 Itaque
707 964 838 1034 mirum
854 986 925 1035 nou
943 973 1008 1047 est,
1026 966 1054 1035 si
1073 965 1205 1037 arcina
1221 969 1290 1038 ists

183 1079 421 1171 antiquitatis,
444 1086 483 1149 et
505 1087 702 1161 auctorum,
725 1089 763 1150 et
789 1102 989 1164 consensus,
1012 1080 1198 1152 hominm
1222 1084 1290 1152 vir·

183 1205 304 1266 tutem
331 1195 384 1264 ita
410 1192 609 1289 ligaverint,
636 1205 677 1265 ut
703 1217 785 1266 cum
813 1196 919 1268 rebus
947 1199 1032 1291 ipsis
1058 1221 1289 1271 consuescere

184 1309 374 1404 (tanquam
391 1309 610 1402 maleficiati)
628 1334 700 1383 non
717 1313 908 1405 potuerint.

236 1575 370 1671 Neque
395 1577 509 1649 solum
536 1477 980 1671 admirlellltllilnllquitatis,
1001 1581 1232 1665 auctoritatis,
1250 1592 1290 1655 et

185 1716 388 1776 cousensus,
407 1693 593 1765 homiuum
610 1693 819 1765 industriam
838 1695 874 1765 in
891 1696 944 1779 iis,
962 1697 1128 1788 quaejam
1146 1699 1290 1770 iuventa

185 1821 279 1895 snut,
296 1812 520 1904 acquiescere
543 1809 736 1905 compulit3
761 1833 886 1882 verum
906 1809 1015 1882 etiam
1033 1835 1179 1906 operum
1198 1815 1290 1908 ipso-

184 1950 266 1999 rum
283 1928 481 2011 admiratio,
498 1949 650 2019 quorum
674 1927 775 2020 copia
792 1927 1008 2022 jampridem
1033 1929 1127 2000 facta
1148 1942 1201 2001 est
1223 1930 1290 2001 hu·

185 2067 293 2114 mano
309 2045 442 2139 generi.
493 2043 639 2114 Etenim
657 2065 767 2135 quum
785 2045 863 2136 quis
879 2065 997 2114 rerum
1016 2047 1234 2129 varietatem,
1251 2057 1289 2117 et

184 2159 463 2252 pulcherrimum
490 2169 709 2258 apparatum,
735 2160 795 2251 qui
822 2181 886 2252 per
910 2169 1003 2230 artes
1028 2158 1287 2232 mechanicas⁸¹

177 2271 231 2347 'ad
249 2275 388 2347 cultum
405 2276 602 2346 humanum
620 2284 809 2369 congestus
825 2284 863 2346 et
880 2274 1105 2346 introductus
1121 2286 1187 2361 est,
1205 2301 1289 2349 ocu·

185 2391 230 2463 lis
245 2392 445 2485 subjecerit,
459 2415 503 2462 eo
520 2401 618 2463 certe
634 2390 829 2474 inclinabit,
842 2400 885 2461 ut
901 2393 1019 2486 potius
1035 2392 1080 2463 ad
1098 2393 1290 2486 opulentioe

183 2508 351 2580 humauae
376 2509 658 2591 admirationem,
677 2530 783 2600 quam
806 2509 852 2578 ad
876 2510 1004 2603 inopiae
1027 2531 1168 2580 sensum
1189 2533 1289 2583 acce-

185 2624 270 2707 dat3
299 2625 446 2694 minime
468 2626 655 2696 advertens
680 2625 876 2717 primitivas
899 2625 1052 2696 hominis
1073 2626 1289 2699 observatio·

185 2763 261 2824 nes,
283 2750 392 2834 atque
417 2749 552 2812 natmae
576 2741 810 2833 operationes,
833 2748 925 2835 (quae
950 2741 994 2813 ad
1021 2765 1164 2815 omnem
1190 2742 1289 2815 illam

185 2859 397 2929 rametatem
427 2858 538 2928 instar
570 2857 696 2928 animae
725 2867 820 2942 sunt,
851 2868 889 2929 et
922 2859 1027 2953 primi
1057 2857 1191 2950 motus)
1222 2881 1289 2932 nec

184 2973 329 3057 multas,
356 2996 423 3045 nec
452 2972 524 3045 alte
554 2974 685 3067 petitas
714 2995 813 3057 esse3
850 2982 977 3046 caetera
1004 2973 1049 3046 ad
1079 2976 1289 3069 patientiam

184 3090 373 3162 homiuum
391 3098 543 3174 tautum,
561 3099 599 3161 et
622 3088 789 3160 subtilem
812 3100 849 3162 st
871 3090 1070 3162 ordinatum
1088 3113 1214 3163 manus
1231 3091 1289 3162 vel

221 3299 248 3341 ὓ
260 3302 352 3358 htsn’s
369 3304 430 3358 love
441 3302 472 3358 ot
486 3309 540 3357 rest
552 3299 678 3371 (referred
689 3310 717 3355 to
758 3301 801 3365 all,
814 3299 929 3356 “truta
947 3299 970 3356 is
985 3301 1031 3356 the
1047 3300 1119 3356 child
1137 3301 1168 3357 of
1175 3301 1289 3358 'linai‘

185 3380 210 3436 1.
230 3379 278 3451 co)
298 3380 388 3437 would
411 3381 511 3451 readily
531 3379 590 3436 lead
613 3379 670 3434 him
689 3388 718 3433 to
758 3377 1229 3452 butisnot'llmsherc(toagrest
1244 3399 1289 3436 ex·

184 3457 720 3595 emittentium
757 3456 1290 3607 altisonantiam:

184 3619 271 3684 work,
283 3617 371 3673 which
389 3617 519 3689 produces
531 3617 560 3671 in
572 3633 604 3672 us
616 3633 632 3670 a
643 3615 718 3671 habit
759 3624 827 3680 sent,
839 3615 927 3671 which
944 3616 967 3672 is
985 3615 1099 3688 pmhups
1112 3617 1168 3672 also
1186 3635 1203 3671 a
1219 3617 1289 3672 form

184 3697 217 3752 ol
235 3697 330 3768 taking
350 3703 506 3752 atauments
526 3713 563 3750 on
581 3703 718 3750 ιωιι--ιο
759 3693 789 3749 of
798 3692 951 3767 Autbority.
989 3693 1016 3748 ll
1031 3713 1093 3750 men
1105 3713 1173 3750 were
1191 3695 1290 3766 perlem

184 3775 359 3846 introducing
388 3774 466 3830 tbe‘
467 3774 598 3830 ‘dimsiou
622 3773 654 3827 ol
679 3774 717 3828 la·
759 3773 832 3829 there
844 3773 931 3845 might
946 3773 980 3829 bs
999 3791 1035 3830 uo
1054 3773 1121 3830 need
1139 3774 1191 3830 ot
1184 3783 1221 3829 rt:
1241 3775 1290 3831 but

184 3855 275 3911 bour’'
288 3853 468 3926 panniolo-a
485 3853 614 3925 punciple
632 3851 718 3908 which
757 3869 834 3908 aava
846 3869 890 3907 are
897 3869 936 3907 we
948 3869 1019 3908 seem
1030 3862 1059 3908 to
1071 3853 1175 3926 require
1185 3852 1289 3924 guidae.

184 3932 451 4024 belpsthiugson,
473 3931 719 4065 bntbasavsrq
759 3929 1290 4023 thtBaccnisopposingisidle

185 4169 355 4226 bledistrmt
372 4168 404 4224 ol
421 4120 719 4240 seli-eqhodqunlity
759 4111 1112 4232 meminsteadottotaotn.

185 4246 339 4304 withabad
350 4245 557 4319 tendoncylaud
566 4246 718 4318 wbatgood
794 4246 817 4286 ⁸¹
839 4245 881 4304 (li.
895 4264 968 4319 supr.
984 4245 1007 4300 l.
1018 4246 1062 4303 6⁶.
1073 4263 1116 4319 74.

186 4327 288 4400 quality
301 4326 351 4382 hus
366 4335 415 4382 not
430 4324 537 4395 sucht).
575 4324 639 4381 And
653 4325 719 4382 atter
