3268 5146
343 365 408 432 268
667 365 841 431 NOVUM
864 363 1114 431 ORGANUM.

341 555 450 626 rspor
483 534 677 617 universus,
711 534 772 626 qni
807 555 853 603 ex
881 555 974 625 aqua
1007 533 1186 603 emittitur
1219 555 1282 626 per
1312 534 1450 628 ignem,

342 658 536 744 vaporant
560 652 747 721 airantee
772 649 841 720 fuit
866 649 902 720 in
929 671 1074 741 corpore
1099 671 1219 741 aquae3
1244 650 1309 720 sed
1329 650 1451 724 metus

343 775 399 838 est
422 769 580 838 maxima
604 775 769 860 exparte
793 789 856 859 per
873 765 1117 837 dilatationem
1144 787 1244 857 equae
1262 789 1309 837 ex
1326 766 1449 840 calore

341 882 444 977 ignis.

399 997 573 1070 Similiter
605 999 642 1068 in
675 1020 805 1092 genere
839 1019 963 1070 omnes
996 999 1183 1090 exquisite
1216 997 1448 1092 probationes

342 1139 538 1209 corporum,
561 1117 637 1187 sive
662 1113 876 1185 naturalium
903 1115 977 1186 sive
1001 1113 1253 1196 artificialium,
1276 1137 1342 1208 per
1359 1138 1449 1208 quas

341 1255 424 1304 vera
449 1233 705 1326 dignoscuntur
729 1231 775 1302 ab
800 1230 1018 1314 adulterinis,
1036 1230 1184 1303 meliora
1207 1254 1229 1302 a
1252 1230 1446 1316 vilioribus

341 1349 413 1421 huc
441 1349 564 1420 referri
590 1349 748 1420 debent:
772 1347 955 1418 deducunt
983 1349 1079 1418 enim
1109 1347 1367 1420 nonsensibile
1399 1350 1446 1420 ad

342 1464 518 1538 sensibile.
584 1464 677 1536 Sunt
708 1465 830 1556 itaque
859 1463 1024 1558 diligenti
1056 1489 1142 1536 cura
1172 1466 1331 1559 undique
1362 1489 1449 1538 oon-

342 1581 534 1675 quirendae.
1225 1647 1229 1656 ¹

393 1698 458 1792 (5.)
484 1697 660 1781 Quintum
687 1719 770 1769 vero
800 1720 913 1791 genus
948 1697 1134 1769 latitantiae
1159 1700 1256 1790 quod
1286 1699 1446 1786 attinet;

342 1815 571 1887 manifestum
589 1823 653 1898 est,
671 1815 850 1886 actionem
872 1837 995 1886 sensus
1019 1816 1164 1910 transigi
1183 1817 1219 1885 in
1237 1824 1351 1898 motu,
1369 1839 1448 1886 mo-

342 1939 422 2003 tum
438 1933 474 2001 in
491 1939 664 2024 tempore.
717 1931 756 2002 Si
774 1931 886 2025 igitur
901 1940 1019 2003 motus
1041 1931 1192 2024 alicujus
1215 1933 1373 2025 corporis
1398 1935 1448 2004 sit

342 2047 400 2119 vel
418 2057 491 2119 tam
509 2047 639 2130 turdus,
656 2047 714 2120 vel
737 2055 812 2118 tam
830 2047 946 2130 velox,
964 2056 1006 2118 ut
1030 2069 1102 2118 non
1128 2048 1175 2118 sit
1200 2049 1447 2142 proportiona-

342 2173 402 2235 tus
431 2162 476 2234 ad
508 2172 699 2246 momenta,
726 2164 763 2234 in
796 2164 924 2256 quibus
954 2165 1159 2257 transigitur
1185 2165 1280 2234 ectio
1309 2187 1447 2248 sensus,

345 2282 524 2376 objectum
551 2281 696 2351 omniuo
721 2303 792 2350 non
819 2281 1030 2372 percipitur:
1057 2281 1162 2350 utin
1188 2288 1291 2350 motu
1317 2281 1447 2353 indicis

344 2397 528 2492 horologii,
546 2405 583 2468 et
600 2419 718 2468 nrrsus
734 2397 771 2466 in
789 2405 890 2466 motu
908 2395 985 2488 piloe
1008 2395 1167 2489 sclopeti.
1219 2395 1345 2489 Atque
1367 2421 1447 2470 mo-

345 2524 413 2597 tus,
432 2515 491 2606 qui
508 2513 556 2585 ob
573 2514 776 2584 tarditatem
803 2535 875 2584 non
898 2515 1100 2607 percipitur,
1118 2511 1223 2584 facile
1246 2521 1285 2583 et
1302 2515 1446 2585 ordina·

345 2632 397 2702 rio
415 2630 604 2701 deducitur
620 2631 665 2700 ad
688 2651 829 2702 sensum
851 2653 915 2724 per
931 2652 1086 2702 summas
1111 2638 1251 2716 motus3
1277 2631 1340 2722 qui
1361 2653 1448 2703 vero

345 2747 391 2818 ob
408 2746 645 2826 velocitatem,
662 2747 778 2818 adhuc
795 2769 867 2818 non
884 2748 976 2818 bene
992 2747 1187 2818 mensurari
1204 2745 1446 2830 consuevit⁰;

344 2864 404 2936 sed
438 2873 559 2935 tamen
585 2862 740 2955 postulat
763 2865 944 2956 inquisitio
973 2872 1116 2944 natmee,
1143 2871 1185 2934 ut
1214 2863 1283 2935 hoc
1313 2864 1378 2936 liat
1407 2866 1447 2934 in

341 2981 531 3075 aliquibus.

393 3097 460 3194 (6.)
487 3097 640 3169 Sextum
658 3105 777 3168 autem
796 3120 919 3192 genus,
936 3097 998 3167 ubi
1016 3097 1211 3189 impeditur
1227 3117 1350 3167 sensus
1366 3119 1449 3192 pro·

341 3225 421 3309 pter
444 3214 671 3286 nobilitatem
693 3213 833 3306 obJeoti
851 3214 977 3307 recipit
1000 3213 1274 3296 deductionem
1299 3213 1359 3284 rel
1382 3237 1448 3307 per

342 3332 603 3428 elongationem
627 3333 797 3425 mojorem
818 3331 950 3423 objecti
972 3353 993 3400 e
1013 3352 1139 3413 sensu;
1164 3328 1222 3400 vel
1247 3353 1312 3422 per
1335 3329 1447 3402 hebe-

341 3449 516 3520 tationem
537 3447 666 3540 objecti
689 3469 753 3540 per
775 3447 1080 3540 interpositionem
1103 3446 1212 3517 medii
1238 3445 1328 3530 telis,
1346 3447 1447 3540 qnod

342 3565 521 3658 objectum
540 3563 715 3647 debilitet,
732 3584 803 3633 non
821 3562 1015 3646 annihilem
1041 3561 1097 3632 vel
1115 3585 1179 3656 per
1194 3561 1445 3634 admissionem

342 3689 380 3752 et
396 3679 646 3772 exceptionem
664 3679 795 3772 objecti
812 3679 945 3760 reflexi,
963 3679 1024 3749 ubi
1047 3679 1227 3772 percussio
1245 3677 1382 3750 directa
1398 3681 1446 3750 sit

341 3797 447 3868 nimis
464 3794 585 3881 fortis3
610 3805 654 3865 ut
670 3796 753 3866 solis
770 3796 806 3864 in
824 3794 918 3888 pelvi
936 3817 1045 3887 aquae.

384 3910 450 4002 (7.)
470 3911 671 4004 Septimum
689 3919 810 3982 eutem
827 3933 940 4006 genus
957 3909 1153 3993 latitantiae,
1171 3909 1234 3980 nbi
1252 3933 1377 3984 sensus
1394 3912 1446 3983 its

342 4037 509 4102 oneratur
526 4027 676 4120 objecto,
694 4034 736 4097 ut
753 4049 851 4098 uovae
870 4027 1072 4099 admissioni
1093 4028 1227 4098 nonsit
1244 4027 1353 4112 locus,
1371 4049 1444 4100 non

374 4255 401 4296 ⁴⁸
418 4254 461 4311 (ll.
486 4251 640 4310 Hersebel's
661 4251 808 4308 Discourse
830 4269 868 4306 on
908 4251 939 4307 ol
948 4256 1024 4323 great
1035 4251 1252 4324 velocityisnow
1261 4250 1363 4324 mdily
1371 4267 1444 4306 mea·

341 4333 454 4390 Natural
470 4331 643 4404 Philosophy,
657 4333 671 4400 t
686 4333 726 4388 rs.
765 4329 870 4386 lintion
912 4329 1144 4403 eruedbymesur
1157 4329 1188 4386 oi
1197 4329 1360 4400 Electricity.
