3222 5148
652 339 871 426 n1a.11.13.
1247 340 1312 406 ma

286 502 393 586 tibus,
410 502 556 582 avibnsr
583 515 693 596 atque
710 505 818 576 etiam
842 503 1040 574 seeundum
1063 500 1197 594 species
1221 501 1315 594 ipso-

286 640 376 701 rum,
394 628 436 690 ut
462 619 498 689 in
524 617 638 702 leone,
663 619 796 700 milvio,
819 619 984 701 homine;
1010 639 1093 687 uam
1111 639 1156 686 ex
1175 616 1313 712 vulgari

284 733 460 825 opinione,
473 734 586 825 pisces
603 756 667 826 per
678 735 847 806 interiora
864 735 982 804 minus
999 732 1105 804 oalidi
1123 743 1314 817 mutares

284 856 407 918 autem
427 849 584 918 maxime
601 849 746 934 ealidae;
772 851 966 942 praesertim
983 847 1166 928 columbe,
1183 849 1314 942 ancipi-

287 972 372 1046 tres,
390 963 618 1034 struthiones.

213 1081 271 1148 12.
289 1077 495 1169 Inquiratur
518 1077 667 1149 ulterius
692 1079 741 1149 de
762 1077 879 1149 calore
897 1087 1100 1170 comparato
1120 1079 1158 1148 iu
1184 1078 1312 1150 eodem

287 1191 429 1264 animali
455 1192 651 1264 seeundum
674 1203 792 1287 partes
817 1205 855 1266 et
877 1193 1038 1264 membra
1062 1193 1138 1285 ejus
1162 1193 1310 1266 diversa.

288 1306 387 1378 Nam
412 1307 478 1392 lae,
502 1309 655 1403 sanguis,
679 1331 827 1402 sperma,
849 1331 924 1390 ora,
948 1309 1181 1380 inveniuntur
1200 1309 1314 1402 gradu

286 1425 426 1514 modion
449 1426 579 1519 tepida,
601 1435 639 1496 et
655 1427 773 1496 minus
793 1426 910 1497 oalida
929 1448 1037 1518 quam
1056 1425 1133 1516 ipsa
1150 1447 1231 1495 earo
1252 1447 1314 1496 ex·

288 1541 398 1611 terior
426 1543 463 1610 in
493 1540 648 1624 animali,
678 1543 820 1633 qnando
850 1549 1023 1624 movetur,
1052 1549 1117 1612 aut
1145 1540 1313 1634 agitatur.

288 1654 413 1738 Qualis
440 1679 523 1728 vero
549 1657 679 1751 gradus
705 1659 753 1728 sit
782 1657 908 1728 eoloris
937 1658 974 1726 in
1002 1656 1158 1738 cerebro,
1183 1666 1314 1727 stoma·

288 1770 368 1852 eho,
386 1772 503 1854 eorde,
517 1781 556 1842 et
572 1771 728 1865 reliquis,
744 1771 910 1842 similiter
926 1771 1042 1842 adhue
1059 1793 1131 1843 non
1149 1780 1205 1842 est
1220 1792 1315 1863 qum-

290 1886 410 1956 situm.

216 2005 275 2072 13.
293 2000 474 2073 Animalia
500 2005 630 2088 omnia,
653 2027 717 2096 per
741 2005 906 2098 hyemem
931 2013 970 2074 et
996 2012 1226 2096 tempestates
1252 2000 1314 2070 fn·-

285 2118 397 2211 gidas,
414 2119 612 2189 seeundum
630 2121 787 2191 exterius
804 2121 959 2214 frigent;
985 2119 1047 2190 sed
1066 2142 1130 2213 per
1145 2117 1315 2187 interiora

289 2232 398 2303 etiam
415 2235 528 2327 magis
544 2257 620 2306 eme
637 2235 750 2306 calida
767 2235 1026 2306 existimantur.

217 2345 611 2421 monocentaurum
629 2352 739 2422 etiam
756 2351 792 2420 in
810 2349 954 2443 regione
972 2347 1192 2430 calidissima,
1205 2355 1314 2440 atque

291 2466 510 2558 temporibus
532 2467 615 2538 anni
639 2476 677 2536 et
699 2467 768 2538 diei
794 2466 1024 2548 calidissimis,
1042 2487 1113 2534 non
1135 2487 1217 2534 eum
1237 2486 1318 2557 gra·

291 2578 380 2649 dum
403 2581 530 2652 caloris
555 2582 706 2665 obtinet,
732 2582 792 2675 qni
820 2581 878 2654 vel
904 2581 1041 2676 lignum
1066 2580 1317 2662 aridissimum,

293 2693 350 2766 vel
370 2705 536 2778 stramen,
555 2696 612 2768 vel
636 2698 745 2768 etiam
762 2697 914 2768 linteum
932 2705 1052 2767 ustum
1069 2694 1237 2766 incendat
1254 2703 1318 2767 aut

293 2810 430 2894 adurat,
441 2811 507 2881 nisi
527 2835 590 2904 per
606 2814 750 2904 specula
766 2813 1011 2884 comburentis
1027 2811 1236 2896 roboretum
1256 2811 1318 2881 sed

294 2932 415 2996 tamen
432 2949 454 2998 e
471 2927 576 2998 rebus
592 2926 748 2998 humidis
766 2950 933 3020 vaporem
950 2927 1107 2997 excitare
1124 2935 1255 3020 potest.

220 3043 279 3108 15.
297 3037 355 3109 Ex
377 3042 569 3112 traditione
591 3051 876 3113 astronomorum
896 3051 1077 3133 ponuntur
1100 3040 1213 3112 stellae
1237 3041 1318 3112 aliae

293 3157 416 3250 magis,
446 3156 527 3227 aliae
556 3159 675 3228 minus
708 3157 844 3228 ealidae.
902 3155 1003 3226 Inter
1034 3154 1194 3248 planetas
1223 3157 1319 3228 enim

293 3283 374 3364 post
407 3271 527 3343 Solem
562 3274 708 3366 ponitur
742 3271 842 3343 Mars
880 3271 1143 3357 ualidissimum
1187 3273 1319 3345 deiude

293 3386 449 3481 Jupiter,
472 3389 602 3460 deinde
619 3387 768 3471 Venus3
799 3397 981 3480 ponuntur
1003 3399 1125 3458 autem
1149 3398 1318 3481 tauquam

293 3502 422 3597 frigidi.
442 3503 556 3588 Luna,
573 3513 612 3574 et
632 3504 762 3576 deinde
780 3505 941 3575 omnium
959 3505 1115 3575 maxime
1133 3503 1318 3576 Saturnus.

293 3617 395 3690 Inter
420 3621 508 3691 fixas
534 3631 656 3692 autem
682 3623 827 3714 ponitur
849 3618 1081 3692 calidissimus
1099 3619 1233 3706 Sirius;
1258 3620 1321 3692 de-

292 3735 376 3806 inde
406 3735 478 3806 Gor
506 3735 629 3820 leonis,
660 3738 734 3806 sive
762 3733 945 3829 Regulus3
982 3737 1113 3808 deinde
1139 3737 1321 3822 Canicula,

294 3849 391 3922 &0⁸9.

219 3963 278 4037 16.
297 3963 360 4036 Sol
386 3967 499 4060 magis
524 3965 697 4051 ealefacit,
721 3988 793 4059 quo
820 3968 933 4061 magis
956 3967 1074 4062 vergit
1096 3968 1139 4038 ad
1173 3989 1322 4062 perpen-

294 4083 463 4167 diculum,
480 4083 554 4153 sive
576 4079 752 4168 zenith⁹⁰;
779 4083 874 4176 quod
897 4085 1006 4155 etiam
1023 4085 1241 4155 eredendum
1266 4091 1321 4154 est

324 4277 350 4318 ὓ
359 4278 426 4334 'l'his
437 4279 461 4333 ia
473 4278 583 4351 entirely
591 4277 673 4334 based
685 4297 721 4335 on
732 4297 814 4336 error.
851 4279 895 4335 Cf.
908 4297 997 4352 supra,
1012 4281 1050 4337 11.
1066 4298 1107 4336 ra.
1122 4281 1190 4336 lost.
1202 4299 1227 4336 r.

326 4355 352 4396 ⁹⁰
369 4355 420 4412 See
432 4373 521 4427 sopra,
536 4355 574 4411 ll.
591 4373 631 4412 12.
645 4356 713 4413 lust.
727 4377 753 4430 3.
