3268 5146
692 338 781 404 LIB.
801 339 849 404 11.
868 357 919 405 ιο.
1283 339 1346 407 195

293 511 393 573 scant
422 511 486 574 aut
512 501 709 574 dilatentur
737 502 852 587 mole;
889 511 930 573 ut
960 503 1091 572 ferrum
1122 503 1287 596 ignitum,
1311 503 1348 572 iu

293 640 363 711 quo
381 618 478 690 calor
494 629 550 692 est
566 621 768 692 aoerrimus.
823 601 827 608 ’

343 733 557 808 Ostenditur
585 736 694 808 etiam
725 735 762 806 in
789 735 868 819 hoc,
892 735 986 827 qnod
1013 757 1077 828 per
1106 733 1348 828 frigidissimas

293 859 526 944 tempestates
542 850 643 924 focus
660 851 784 924 ardeat
800 851 981 924 acerrime.

342 967 557 1040 Ostenditur
586 970 696 1040 etiam
727 969 764 1039 in
795 967 872 1052 boc,
899 967 996 1060 quod
1027 989 1112 1038 cum
1140 967 1350 1038 extenditur

291 1087 351 1158 adr
375 1088 412 1158 in
438 1087 531 1160 vitro
557 1086 733 1159 colendari
765 1087 897 1180 absque
923 1085 1181 1179 impedimento
1205 1093 1270 1156 aut
1294 1108 1350 1156 re·

291 1202 462 1296 pulsione,
481 1204 706 1278 uniformiter
727 1203 864 1275 scilieet
887 1212 926 1274 et
949 1201 1153 1295 aequoliter3
1178 1223 1250 1272 nou
1270 1223 1349 1294 per·

290 1320 444 1412 cipiatur
480 1320 586 1392 calor.
656 1319 781 1391 Etiam
818 1320 857 1390 in
892 1318 1008 1392 ventis
1045 1317 1230 1402 conclusis,
1264 1317 1350 1390 licet

292 1446 481 1530 erumpant
511 1439 547 1507 vi
578 1437 744 1519 maxima,
774 1445 896 1508 tamen
927 1458 1000 1508 nou
1031 1435 1225 1527 percipitur
1252 1432 1350 1506 calor

291 1552 459 1646 insiguis3
494 1554 578 1645 quia
609 1552 746 1624 scilicet
772 1562 891 1624 motus
918 1551 961 1622 iit
987 1550 1184 1622 secundum
1215 1557 1345 1634 totum,

291 1668 425 1761 absque
441 1679 543 1742 motu
559 1668 760 1742 alternante
776 1671 814 1740 in
832 1668 1024 1762 particulis.
1072 1664 1198 1759 Atque
1214 1665 1259 1738 ed
1276 1665 1346 1736 hoc

291 1783 355 1855 liat
379 1787 680 1878 experimentum,
706 1792 828 1855 utrum
855 1784 1000 1857 flammo
1024 1806 1095 1854 non
1121 1792 1202 1854 urat
1229 1783 1346 1854 acrius

292 1921 411 1972 versus
427 1900 549 1984 latera.
567 1923 674 1994 quom
691 1901 729 1971 iu
746 1901 865 1973 medio
882 1899 1047 1972 flammae.

344 2013 556 2088 Ostenditur
578 2017 687 2090 etiam
704 2018 743 2088 in
759 2017 837 2100 boo,
854 2016 948 2110 quod
970 2017 1086 2088 omnis
1101 2018 1196 2087 ustio
1220 2013 1346 2086 transi-

291 2139 397 2226 gatur
412 2155 477 2226 per
499 2134 656 2204 minutos
672 2155 776 2227 poros
800 2131 966 2225 corporis,
984 2132 1078 2224 quod
1095 2131 1229 2214 uritur;
1255 2130 1345 2200 adeo

292 2257 334 2318 nt
350 2250 444 2319 ustio
461 2248 618 2332 subruat,
637 2257 676 2320 et
693 2255 867 2341 penetret,
884 2257 923 2318 et
942 2247 1085 2328 fodicet,
1103 2254 1141 2317 et
1157 2245 1344 2329 stimulet;

291 2367 439 2460 perinde
459 2390 501 2439 ae
522 2369 551 2439 si
575 2377 694 2440 essent
709 2367 860 2439 infinitae
882 2367 1047 2460 cuspides
1069 2389 1162 2438 acus.
1215 2363 1345 2461 Itaque

291 2507 338 2556 ex
363 2484 432 2556 boe
457 2483 547 2556 illud
573 2485 682 2557 etiam
705 2485 757 2568 iit,
775 2484 871 2576 quod
896 2505 1019 2555 omnes
1044 2505 1142 2575 aquae
1169 2483 1279 2554 fortes
1300 2483 1344 2575 (si

290 2601 566 2695 proportionatae
589 2603 662 2674 sint
684 2602 729 2671 ad
755 2622 882 2694 eorpus
904 2600 942 2672 in
965 2601 1059 2692 quod
1084 2601 1212 2695 agunt)
1235 2601 1345 2672 edant

292 2738 399 2810 opera
415 2718 517 2811 iguis,
535 2739 581 2789 ex
599 2726 727 2789 natura
743 2741 807 2790 sua
823 2717 1033 2790 corrodente
1050 2726 1089 2788 et
1107 2725 1298 2811 pungente.

340 2831 465 2926 Atque
483 2836 551 2904 ista
568 2830 763 2930 differentia
781 2835 842 2927 (de
864 2857 934 2927 qua
951 2856 1048 2904 nuno
1065 2832 1232 2925 dicimus)
1249 2856 1346 2905 oom-

290 2949 408 3020 munis
442 2958 498 3020 est
531 2971 614 3019 cum
644 2958 771 3019 natura
804 2949 946 3042 frigidi3
985 2949 1023 3018 in
1053 2970 1125 3040 quo
1159 2947 1346 3019 cohibetur

291 3072 410 3136 motus
443 3065 694 3147 contreotivus,
729 3087 793 3158 per
831 3065 1061 3135 renitentium
1097 3063 1344 3157 expandendi3

291 3181 593 3272 quemadmodum
623 3181 658 3250 in
690 3180 805 3252 calido
838 3179 1028 3252 cohibetur
1061 3189 1179 3252 motus
1213 3202 1346 3274 expan-

291 3296 398 3380 sivus,
414 3318 480 3388 per
499 3297 729 3369 renitentium
749 3296 993 3370 contrahendi.

342 3408 472 3504 Itaque
492 3414 567 3484 sive
583 3422 702 3505 partes
727 3415 882 3506 eorporis
905 3421 1096 3506 penetrent
1111 3435 1232 3485 versus
1253 3414 1347 3483 inte-

290 3525 372 3608 rius,
390 3527 464 3598 sive
482 3536 673 3619 penetrent
691 3549 811 3600 versus
830 3530 1000 3616 exterius,
1017 3529 1142 3602 similis
1159 3538 1215 3601 est
1230 3529 1345 3612 ratio;

290 3639 377 3713 licet
397 3643 512 3735 impar
532 3643 725 3715 admodum
743 3645 791 3714 sit
816 3646 1008 3719 fortitudo:
1038 3647 1215 3740 quianon
1238 3644 1348 3716 babe-

289 3777 370 3827 mus
398 3755 455 3828 bic
478 3758 573 3850 apud
597 3779 662 3830 nos
687 3760 725 3829 in
751 3759 938 3852 superficie
962 3770 1064 3833 terrae
1087 3760 1232 3852 aliquid,
1249 3757 1346 3853 qnod

289 3873 337 3944 sit
353 3874 513 3967 impense
530 3873 699 3969 frigidum
710 3871 749 3949 ³⁶.
804 3876 902 3949 Vide
918 3875 1070 3950 Instent.
1084 3883 1143 3957 27.
1164 3874 1249 3949 rat.
1265 3882 1298 3948 1.

274 4101 301 4142 ⁸⁸
319 4102 362 4158 (ll.
381 4103 460 4169 inira,
483 4103 522 4160 ll.
534 4121 579 4178 50.
598 4109 652 4178 53,
671 4125 708 4163 ou
725 4108 773 4164 tbe
813 4109 890 4166 con's
902 4109 977 4183 days,
989 4109 1044 4167 aud
1057 4109 1101 4166 led
1114 4109 1170 4165 bim
1182 4119 1212 4165 to
1228 4118 1291 4165 note
1302 4107 1348 4164 tbe

239 4182 496 4240 vantolexeessive
508 4183 577 4240 oold.
610 4186 772 4241 'lbemeaur
812 4197 884 4244 want
902 4189 933 4244 oi
949 4189 1009 4244 cold
1028 4207 1058 4244 an
1075 4208 1092 4243 a
1109 4187 1264 4260 defficiency
1281 4186 1349 4242 both

238 4259 270 4316 ol
279 4259 420 4334 obtaining
430 4261 491 4317 cold
502 4263 554 4331 (or,
562 4271 592 4318 to
603 4263 686 4335 spenlr
698 4283 773 4320 more
812 4266 875 4323 bere
887 4267 941 4322 and
952 4267 1040 4324 below
1050 4268 1079 4322 in
1092 4267 1131 4322 ll.
1139 4283 1183 4336 50.
1222 4264 1248 4319 lt
1258 4267 1282 4320 is
1294 4264 1349 4320 still

239 4340 376 4411 eorreotly,
388 4340 419 4395 oi
433 4341 545 4414 naming
560 4343 730 4414 erapomtion
744 4345 776 4399 or
812 4353 872 4401 true
891 4347 949 4402 that
969 4363 1022 4402 our
1041 4362 1131 4417 power
1151 4344 1183 4398 ol
1197 4342 1350 4415 producing

241 4413 405 4488 11meoe
418 4419 515 4476 almost
527 4419 665 4477 unknown
677 4423 705 4476 in
717 4422 771 4477 Be·
813 4423 883 4479 Oold
900 4426 923 4480 ir
941 4425 982 4480 lar
999 4441 1074 4480 more
1091 4421 1194 4478 limited
1209 4420 1276 4476 tbnu
1289 4420 1349 4476 thar

762 4533 826 4585 ΟΦ
