3078 5180
331 315 351 375 4
661 311 835 376 NOVUM
859 309 1108 376 ORGANUM.

331 489 369 550 et
394 477 535 548 lacertis
560 486 598 546 et
623 477 740 547 nervis
763 499 808 546 ex
833 485 909 548 arte
933 476 1027 547 bens
1050 477 1168 546 unctis
1191 485 1230 547 et
1253 475 1435 548 medicatis

331 595 453 665 adesse
479 594 661 685 juberent,
690 615 807 663 annon
838 615 978 685 prorsus
1007 615 1068 663 eos
1098 592 1183 663 dare
1212 613 1370 684 operum,
1396 605 1434 662 ut

331 735 413 782 cum
432 711 570 780 ratione
588 709 739 800 quadam
758 721 796 778 et
817 708 1005 801 prudentia
1021 709 1226 790 insanirent,
1244 705 1434 778 clamarent

332 825 457 918 Atque
474 825 635 896 homines
657 835 778 896 tamen
801 823 906 895 simili
932 825 1110 896 malesano
1133 824 1282 918 impetu,
1300 833 1340 892 et
1356 845 1434 892 eon-
1512 835 1513 856 ¹

330 944 522 1036 spiratione
541 939 673 1026 inutili,
691 941 855 1011 feruntur
878 943 913 1011 in
938 940 1262 1023 intellectualibus;
1288 940 1374 1009 dum
1392 939 1434 1008 ab

332 1059 554 1152 ingeniorum
579 1057 635 1128 vel
659 1055 892 1127 multitudine
914 1067 952 1127 et
976 1079 1161 1138 consensu,
1181 1057 1237 1126 vel
1258 1054 1435 1126 excellen-

332 1178 383 1246 tia
409 1187 447 1245 et
471 1176 648 1256 acumine,
674 1195 803 1266 magna
828 1184 991 1266 sperant;
1025 1183 1089 1244 aut
1115 1175 1223 1244 etiam
1251 1172 1434 1244 dialectiea

331 1297 424 1384 (qnoe
453 1291 614 1384 quaedam
641 1289 814 1360 athletica
839 1291 972 1360 censeri
1003 1291 1126 1382 possit)
1154 1291 1285 1360 mentis
1312 1313 1435 1360 nervos

332 1409 520 1478 roborant:
547 1408 608 1477 sed
633 1408 789 1488 interim,
806 1406 892 1476 licet
912 1417 1014 1476 tanto
1030 1407 1149 1476 studio
1171 1417 1209 1478 et
1232 1417 1376 1487 conatu,
1394 1407 1434 1494 (si

332 1526 410 1616 quis
430 1548 509 1594 vere
527 1524 756 1618 judicaverit)
775 1521 997 1594 intellectum
1018 1523 1150 1592 nudnrn
1170 1523 1349 1616 applicare
1366 1546 1434 1594 non

333 1641 510 1712 desinunt.
564 1640 894 1710 Manifestissimum
918 1652 1040 1710 autern
1064 1650 1119 1710 est
1143 1641 1178 1710 in
1207 1642 1304 1712 omni
1331 1663 1434 1734 opere

332 1781 473 1850 magno,
491 1758 584 1850 quod
602 1779 728 1828 manus
751 1757 904 1827 hominis
928 1767 1077 1849 praestat,
1095 1757 1173 1828 sine
1190 1759 1435 1828 instrumentis

333 1885 371 1944 et
394 1872 566 1943 machinis
583 1874 673 1942 vires
694 1896 761 1945 nee
781 1871 1002 1966 singulorum
1024 1874 1173 1958 intendi,
1191 1897 1257 1944 nec
1275 1875 1433 1944 omnium
1514 1931 1515 1936 ,

332 1987 427 2058 coire
445 2009 555 2079 posse.

382 2103 512 2194 Itaque
529 2125 574 2172 ex
594 2101 742 2195 hisquae
759 2105 916 2174 diximus
934 2104 1129 2195 premissis,
1143 2105 1336 2174 statuimus
1353 2105 1437 2176 duas

332 2243 408 2292 esse
427 2243 493 2300 res,
511 2219 700 2310 dequibus
718 2221 881 2292 homines
901 2219 1006 2314 plane
1027 2221 1181 2292 monitos
1200 2221 1374 2304 volumus,
1393 2247 1436 2294 ne

331 2337 425 2408 forte
448 2334 517 2406 illae
538 2358 600 2406 eos
621 2335 762 2428 fugiant
781 2347 846 2407 aut
868 2348 1088 2430 preteream.
1140 2336 1301 2420 Quarum
1325 2339 1436 2430 prima

332 2451 534 2543 hujusmodi
568 2461 646 2535 est;
684 2453 759 2523 lieri
795 2453 870 2523 fatu
900 2454 1053 2544 quodam
1084 2452 1141 2539 (ut
1174 2453 1435 2542 existimamus)
1515 2455 1516 2460 ’

333 2567 436 2649 bono,
462 2566 507 2636 ad
532 2568 791 2660 extinguendas
818 2579 857 2638 et
883 2569 1111 2664 depellendas
1136 2570 1435 2641 contradictiones

332 2691 370 2752 et
397 2693 555 2752 tumores
580 2682 788 2766 animorum,
807 2695 848 2755 ut
871 2696 909 2756 et
932 2686 1110 2756 veteribus
1136 2685 1248 2756 honor
1273 2699 1312 2754 et
1338 2707 1434 2755 rere-

331 2799 447 2869 rentia
468 2798 603 2868 intacta
624 2807 663 2869 et
685 2799 877 2870 imminuta
897 2797 1097 2884 maneantfi,
1115 2813 1154 2872 et
1174 2823 1238 2873 nos
1258 2801 1436 2872 destinata

331 2915 508 3008 perficere,
527 2925 565 2984 et
589 2925 708 2985 tamen
730 2915 912 2986 modestiae
934 2928 1061 2988 nostrae
1078 2918 1232 2988 fructum
1253 2919 1436 3011 percipere
1516 3009 1517 3016 ἵ

329 3033 514 3125 possimus.
569 3029 664 3100 Nam
683 3053 756 3110 nos.
774 3033 802 3102 si
822 3033 1050 3124 profiteamur
1066 3056 1132 3104 nos
1149 3032 1296 3106 meliora
1311 3034 1436 3106 afferre

330 3171 436 3240 quam
465 3149 613 3238 antiqui,
639 3147 788 3218 eandem
817 3171 922 3239 quam
951 3150 1001 3220 illi
1031 3152 1122 3220 viam
1153 3152 1310 3244 ingressi,
1338 3151 1436 3223 nulla

330 3265 517 3336 verborum
545 3276 622 3334 arte
648 3263 788 3335 efficere
816 3267 997 3357 possimus,
1016 3269 1100 3358 quin
1128 3269 1319 3340 inducatur
1342 3293 1437 3362 quae-

331 3383 411 3453 dam
441 3382 584 3475 ingenii,
604 3379 658 3450 vel
684 3380 915 3462 excellentias,
934 3383 989 3454 vel
1015 3383 1193 3454 facultatis
1216 3387 1436 3479 comparatio

331 3499 405 3566 sive
439 3496 644 3566 contentio:
689 3517 757 3563 non
796 3517 838 3565 ea
873 3495 1016 3587 quidem
1057 3495 1180 3566 illicita
1218 3507 1281 3566 aut
1322 3519 1435 3578 nova;

334 3612 470 3704 (quidni
498 3610 592 3680 eninr
619 3611 800 3701 possimus,
820 3635 881 3702 pro
900 3615 982 3706 jure
1006 3625 1135 3695 nostro,
1154 3638 1270 3706 neque
1291 3639 1336 3686 eo
1359 3618 1435 3708 ipso

332 3727 401 3798 alio
424 3750 529 3818 quam
553 3727 722 3806 omnium,
742 3729 769 3796 si
794 3728 879 3819 quid
901 3731 995 3822 apud
1019 3753 1080 3800 eos
1101 3753 1170 3800 non
1193 3741 1292 3802 recte
1313 3733 1437 3804 inven-

333 3854 411 3915 turn
440 3853 502 3912 ant
533 3843 686 3934 positum
718 3843 773 3922 sit,
801 3845 1059 3937 reprehendere
1086 3860 1150 3918 aut
1176 3847 1341 3940 notaret)
1371 3849 1435 3920 sed

332 3971 452 4030 mmen
471 3971 653 4048 uteunque
664 3959 764 4048 justa
779 3969 842 4028 aut
860 3964 1048 4052 permissa;
1075 3963 1306 4036 nihilominus
1323 3966 1437 4058 impar

333 4077 481 4147 fortasse
507 4075 630 4144 fuisset
653 4096 696 4143 ea
719 4075 793 4168 ipsa
816 4078 1008 4158 contentio,
1026 4079 1072 4149 ob
1091 4080 1216 4150 virium
1235 4093 1434 4152 nostrarum

332 4191 490 4264 modum.
543 4187 676 4258 Verum
704 4213 812 4280 quum
843 4217 905 4285 per
932 4215 996 4263 nos
1021 4193 1109 4264 illud
1136 4207 1272 4290 agutur,
1299 4197 1436 4267 utalia

771 4333 783 4373 ⁸
802 4335 845 4390 Ci.
861 4337 881 4391 l.
895 4355 938 4407 3²·
953 4355 995 4410 35.
