3268 5146
303 334 368 398 188
627 334 800 399 NOVUM
824 335 1073 400 ORGANUM.

306 501 364 567 14.
386 496 459 568 Per
484 495 729 568 accensionem
755 495 881 568 celcris
906 520 953 568 ex
981 498 1165 568 attritione
1193 519 1404 590 corporum3

389 611 491 706 retice
508 619 672 682 naturam
689 611 929 705 principalem.
977 612 1155 684 Naturam
1173 613 1405 706 principalem

390 749 557 798 vocamus
574 749 663 810 eam,
677 750 755 820 quae
772 729 924 821 positiva
940 728 1114 822 reperitur
1130 727 1167 797 in
1184 735 1321 810 natura,
1338 751 1406 800 nec

390 848 556 912 causatur
571 863 593 910 a
610 849 737 912 natura
752 843 986 935 praecedente.

303 954 398 1026 Sunt
422 963 461 1026 et
485 954 563 1027 nliae
589 965 743 1029 natura:
771 979 887 1050 neque
912 959 1010 1028 enim
1035 957 1174 1029 tabulae
1199 957 1406 1030 conficimus

389 1073 574 1166 perfectas
592 1073 655 1143 sed
672 1074 837 1166 exempla
854 1082 1007 1144 tantum.

354 1186 490 1259 Omnes
503 1197 542 1258 et
555 1187 703 1284 singulae
716 1189 1124 1282 naturaepraedictaenon
1137 1197 1220 1260 eunt
1233 1209 1280 1260 ex
1293 1189 1407 1260 forma

302 1302 418 1376 calidi.
469 1301 593 1396 Atque
619 1304 664 1374 ab
685 1304 849 1375 omnibus
874 1304 1011 1375 naturis
1034 1304 1210 1397 praedictis
1234 1302 1407 1378 liberatur

302 1419 410 1490 homo
426 1419 464 1490 in
481 1419 686 1512 operatione
702 1443 808 1514 super
824 1418 990 1490 calidum.

352 1635 475 1732 Atque
492 1641 529 1708 in
543 1637 717 1712 ecclcsiae
728 1538 928 1733 Ῑαοιξξιξξιῐ
944 1639 1179 1710 fundamenta
1195 1637 1407 1712 indoctiorem

303 1777 406 1837 veroe,
422 1777 501 1847 quae
518 1763 640 1826 tamen
665 1778 736 1826 non
758 1756 942 1850 perficitur
964 1756 1079 1826 donec
1100 1755 1246 1827 sistatur
1261 1757 1298 1826 in
1315 1755 1408 1826 affir-

304 1872 446 1943 mativa.
500 1869 630 1962 Neque
649 1893 733 1942 vero
751 1872 826 1965 ipsa
843 1868 1015 1944 ccctuatoa
1032 1869 1108 1941 ullo
1124 1871 1232 1943 modo
1250 1871 1408 1963 perfecta

303 1997 370 2072 est,
383 2007 499 2079 neque
516 1985 605 2058 adeo
622 2007 699 2058 esee
717 1995 835 2080 potest
853 1987 919 2058 sub
936 1987 1057 2058 initiis.
1098 1985 1163 2056 Est
1180 1987 1277 2057 enim
1293 1982 1408 2056 eccla-

303 2101 380 2174 sioa
406 2111 463 2190 tut
488 2100 594 2196 plane
628 2101 754 2194 liquet)
781 2102 919 2196 resectio
945 2111 1153 2174 naturarum
1180 2100 1406 2194 simplicium.

305 2216 410 2301 Quod
436 2219 465 2288 si
491 2240 561 2289 uon
589 2217 784 2288 habeamus
806 2218 923 2290 adhuc
947 2219 1057 2290 bonas
1074 2227 1112 2288 et
1129 2240 1228 2288 veras
1245 2218 1407 2288 notiones

304 2341 510 2404 naturarum
528 2332 755 2426 simplicium,
766 2335 946 2425 quomodo
958 2333 1146 2406 rectificari
1162 2341 1282 2427 potest
1294 2329 1409 2404 acta

303 2448 411 2520 cicc?
446 2446 501 2519 At
517 2447 698 2519 nonnullae
715 2471 762 2520 ex
779 2450 990 2542 supradictis
1007 2448 1135 2540 <veluti
1156 2452 1256 2521 notio
1274 2459 1408 2519 naturae

304 2563 542 2644 elementaris,
576 2564 676 2633 notio
710 2573 846 2635 natnroe
879 2564 1043 2648 coelestia,
1074 2567 1174 2637 notio
1207 2563 1408 2658 tenuitatis)

306 2689 391 2752 sunt
411 2679 575 2751 notiones
591 2703 696 2774 vagae,
715 2703 781 2752 nec
805 2682 895 2752 bene
919 2683 1128 2753 terminatae.
1180 2680 1308 2774 Itaque
1332 2703 1407 2763 nos,

306 2795 368 2888 qui
391 2817 458 2867 nec
480 2796 594 2889 ignari
617 2818 749 2880 sumus,
767 2819 834 2869 nec
851 2798 964 2880 obliti,
982 2805 1157 2890 quantum
1173 2818 1262 2888 opus
1284 2818 1409 2890 aggre-

305 2915 455 2997 diamur,
473 2915 554 3007 (viu.
572 2921 614 2983 ut
636 2914 806 2985 faciamus
831 2913 1055 2985 intellectum
1082 2915 1278 2985 humanum
1303 2913 1409 2986 rebus

306 3038 346 3102 et
362 3038 497 3102 naturae
513 3027 650 3122 parem)
668 3028 768 3100 nullo
790 3031 897 3100 modo
920 3030 1175 3122 acquiescimus
1191 3029 1229 3099 in
1245 3028 1313 3113 hie,
1329 3050 1409 3120 qnae

306 3145 424 3218 adhuc
440 3145 691 3239 praecepimus:
718 3145 781 3217 sed
798 3154 837 3216 st
852 3168 927 3216 rem
946 3147 982 3216 in
1000 3145 1149 3216 ulterius
1171 3143 1407 3238 provehimus,

306 3273 345 3335 et
361 3263 507 3338 fortiora
529 3261 664 3334 auxilia
688 3263 725 3332 in
746 3283 850 3332 usum
877 3260 1083 3333 intellectus
1107 3260 1352 3332 machinamur
1370 3270 1410 3332 et

305 3377 567 3460 ministramus3
606 3400 684 3470 qnae
714 3400 809 3448 nunc
839 3377 1106 3472 subJ'ungemus.
1164 3375 1214 3446 Et
1243 3384 1340 3447 certe
1369 3377 1409 3446 in

307 3493 589 3586 interpretatione
604 3501 742 3564 ncturoe
762 3495 900 3564 animus
925 3493 1069 3564 omnino
1096 3491 1218 3564 taliter
1242 3501 1298 3563 eet
1321 3514 1410 3584 prm-

306 3607 482 3700 parandus
504 3615 543 3677 et
560 3607 776 3691 formandus,
794 3618 836 3679 ut
857 3617 896 3680 et
921 3609 1093 3680 sustineat
1118 3630 1157 3679 se
1179 3608 1215 3678 in
1240 3607 1410 3716 grodilprs

307 3721 438 3794 debitis
464 3723 697 3806 certitudinis,
724 3732 762 3794 et
789 3732 910 3794 tamen
941 3725 1076 3818 cogitet
1104 3725 1313 3816 (prasertim
1343 3723 1409 3793 sub

307 3837 434 3930 initiis)
460 3860 513 3917 ca,
537 3861 615 3930 quae
643 3839 782 3923 adsunt,
808 3839 964 3910 multum
994 3839 1149 3932 pendere
1177 3861 1224 3908 ex
1253 3838 1310 3924 iis,
1332 3860 1411 3931 quae

309 3961 508 4047 supersunt.

358 4149 533 4222 Attamen
546 4151 629 4243 quia
641 4152 746 4223 citius
763 4053 947 4246 emellglltl⁴
960 4153 1090 4224 veritas
1106 4175 1152 4224 ex
1170 4174 1288 4222 errore
1303 4174 1413 4244 quam

343 4338 369 4378 ²⁴
381 4337 438 4392 Not
452 4337 557 4410 always.
593 4337 651 4394 The
670 4357 793 4410 progress
811 4341 840 4396 in
857 4358 874 4395 s
890 4357 983 4412 wrong
1000 4338 1054 4394 and
1072 4357 1089 4392 a
1105 4337 1213 4394 delinito
1225 4337 1280 4394 linc
1298 4337 1321 4393 in
1339 4355 1415 4394 more
