3156 5176
331 321 398 390 29⁰
666 319 842 388 NOVUM
872 319 1121 387 ORGANUM.

335 473 464 556 locum,
489 473 639 562 liberot;
667 475 734 559 vel,
760 477 804 568 (si
830 489 903 548 nou
927 476 1034 548 detur
1057 473 1175 568 copia)
1201 485 1244 546 ut
1268 483 1337 558 est,
1357 473 1441 546 rub-

334 592 458 674 sistat3
484 613 600 684 neque
616 613 772 684 unquam
790 612 847 664 res
868 615 911 664 eo
933 593 1110 672 deveniat,
1128 599 1171 662 ut
1186 601 1252 664 aut
1267 589 1360 662 nihil
1383 591 1441 676 sit,

334 715 398 778 aut
414 707 554 778 nullibi.
604 705 723 792 Quem
741 719 880 779 motum
897 706 1018 780 soholn
1034 711 1128 802 (quae
1150 729 1293 802 semper
1309 707 1388 778 iere
1403 716 1444 779 et

335 824 543 894 denominat
563 832 602 895 et
619 824 744 896 delinit
768 847 836 910 res,
854 825 973 916 potius
994 846 1059 918 por
1076 823 1224 896 effeetus
1248 833 1288 895 et
1304 825 1442 894 iuoom-

335 939 453 1022 mode,
479 960 585 1031 quam
619 962 685 1031 per
717 959 840 1010 causas
869 940 1070 1030 interiores)
1100 939 1158 1010 vel
1192 939 1346 1012 denotat
1378 962 1444 1034 per

336 1053 425 1125 illud
443 1055 595 1137 axioma,
612 1055 708 1147 quod
725 1053 794 1126 duo
817 1075 964 1150 volpem
981 1077 1050 1126 noa
1068 1055 1206 1149 possint
1222 1078 1295 1126 esre
1314 1055 1356 1126 ia
1373 1068 1443 1126 uno

336 1167 432 1250 loeo:
461 1170 518 1240 rel
546 1179 650 1242 voest
683 1180 833 1252 motum,
865 1191 910 1240 ne
930 1169 1002 1263 fiet
1030 1170 1226 1264 pendralio
1255 1169 1445 1243 dimoto

337 1281 464 1358 ΜΦ.
516 1284 647 1378 Neque
667 1283 774 1378 hujus
796 1295 916 1356 motus
940 1284 1107 1378 exempla
1122 1287 1271 1380 proponi
1294 1309 1446 1359 ouussu·

337 1411 483 1472 tnneum
500 1411 577 1472 eatt
604 1401 696 1472 inest
711 1403 807 1472 euim
826 1403 922 1472 omni
940 1402 1088 1494 eorpori.

391 1519 458 1608 (2.)
485 1517 542 1586 Sit
567 1524 686 1588 motus
711 1516 896 1598 secundus
915 1526 1035 1586 motus
1055 1516 1179 1609 (quem
1204 1517 1446 1612 appellamus)

338 1655 457 1714 uerte,
472 1654 656 1724 perquem
673 1655 820 1726 corpora
836 1655 908 1704 non
925 1635 1112 1726 patiuntur
1126 1655 1166 1704 se
1183 1631 1259 1704 nlla
1274 1657 1325 1706 ex
1341 1643 1446 1727 parta

338 1749 393 1818 sni
419 1746 536 1818 dirimi
561 1757 771 1820 aooutnotu
796 1747 943 1820 alterins
967 1748 1133 1840 eorporis,
1150 1757 1193 1818 ut
1210 1764 1289 1840 que
1315 1754 1448 1820 mutuo

339 1886 436 1935 nexu
453 1871 492 1935 et
507 1873 676 1936 ouutaotu
692 1865 882 1959 gaudeant.
909 1861 1028 1948 Quem
1045 1871 1184 1934 motum
1202 1863 1326 1935 euholt
1342 1875 1448 1936 voest

340 1988 480 2052 motum
497 2003 541 2050 ae
556 1978 657 2051 detur
672 1976 868 2052 euenumffl:
894 1979 1006 2050 veluti
1023 2001 1108 2050 eum
1132 2001 1226 2072 equa
1250 1979 1449 2052 attrahitur

340 2116 477 2168 sursum
497 2097 718 2178 exsuctioue,
733 2104 797 2167 aut
815 2117 878 2188 per
899 2094 1054 2181 listulas;
1079 2117 1161 2166 earu
1178 2105 1448 2188 perventurum

339 2222 405 2285 aut
429 2234 512 2283 oum
538 2234 630 2304 aqua
654 2212 801 2295 sistitur,
819 2234 885 2282 neo
903 2209 1017 2282 effluit
1033 2212 1071 2282 in
1088 2209 1223 2304 hydriis
1247 2211 1448 2302 wrfontia

341 2328 409 2398 nisi
427 2349 466 2398 os
483 2327 615 2421 hydriae
631 2328 677 2398 ad
693 2326 962 2396 immittendum
979 2328 1098 2398 aerem
1115 2327 1315 2420 aperiatur:
1337 2337 1380 2398 et
1395 2329 1450 2398 in·

342 2465 491 2514 numera
507 2442 544 2513 id
560 2465 685 2536 genus.

395 2556 460 2650 (3.)
489 2557 547 2630 Sit
579 2567 699 2630 motus
733 2558 869 2638 tertium,
900 2566 1019 2628 motin
1048 2553 1175 2650 (quem
1209 2557 1450 2652 appellamus)

343 2670 566 2752 etiamtum,-
591 2695 655 2766 per
681 2695 790 2766 quem
816 2695 964 2766 corpora
991 2690 1029 2743 se
1057 2669 1208 2744 liberare
1233 2673 1403 2744 nituntur
1426 2697 1452 2745 u

344 2809 505 2882 pressura
520 2797 584 2860 aut
601 2797 746 2861 teneura
761 2787 1051 2883 praeternaturali,
1069 2799 1108 2860 et
1129 2790 1322 2862 restituere
1347 2811 1387 2861 sa
1411 2792 1450 2862 in

345 2903 545 2975 dimensum
562 2905 699 2998 oorpuri
716 2927 781 2976 suu
796 2905 1020 2976 conveniam.
1071 2901 1183 2995 Cujus
1199 2913 1322 2976 mutus
1337 2908 1451 2978 etiam

345 3020 531 3090 innumera
547 3028 630 3092 sunt
648 3018 835 3112 exempla:
860 3019 971 3092 veluti
993 3019 1187 3113 (quatenns
1202 3021 1249 3092 ad
1266 3020 1452 3094 libentio-

346 3157 429 3206 nem
455 3139 680 3228 egressura)
708 3157 807 3228 aquae
834 3136 871 3204 in
899 3133 1065 3216 natando,
1092 3135 1182 3206 airis
1205 3135 1245 3206 in
1276 3136 1450 3226 voland03

346 3273 446 3343 aquae
471 3251 509 3321 iu
534 3251 752 3344 remigando,
769 3250 860 3320 aleris
884 3251 922 3320 in
939 3249 1232 3322 undulationibus
1249 3261 1452 3338 ventorum,

348 3367 488 3437 laminae
522 3366 558 3438 in
593 3365 794 3460 horologiis.
848 3364 929 3436 Nee
963 3364 1185 3460 ineleganter
1218 3389 1257 3439 se
1290 3369 1452 3440 ostendit

348 3492 467 3552 motus
491 3483 581 3552 aeris
602 3481 794 3574 compressi
820 3481 858 3550 iu
883 3479 1051 3574 solopetis
1074 3479 1220 3554 ludiosis
1246 3497 1451 3574 puerorum,

348 3619 431 3666 oum
453 3595 575 3667 alnum
596 3604 660 3666 aut
680 3594 796 3666 simile
811 3595 981 3686 quiddam
998 3605 1184 3680 exoavant,
1202 3606 1242 3668 et
1257 3598 1454 3672 inferciunt

350 3713 463 3782 fmsto
496 3710 645 3803 alicujus
679 3712 805 3781 radicis
838 3711 1065 3797 suooulentae,
1096 3711 1153 3784 rel
1186 3714 1372 3798 similium,
1406 3717 1452 3788 sd

350 3837 519 3918 utrosque
544 3827 652 3912 fiues3
678 3825 808 3898 deiude
834 3849 897 3919 per
913 3827 1096 3899 embolum
1118 3827 1269 3900 trudunt
1294 3829 1453 3904 radicem

351 3942 408 4013 vel
426 3941 627 4034 hujusmodi
645 3941 896 4013 famimentum
913 3945 951 4014 in
968 3944 1127 4016 sommeu
1153 3943 1329 4018 alterum:
1354 3949 1454 4018 unde

351 4058 529 4132 emittitur
545 4065 583 4128 et
600 4056 740 4148 ejicitur
757 4055 859 4128 radix
875 4081 958 4130 eum
975 4061 1094 4131 sonitu
1112 4060 1158 4131 ud
1174 4059 1337 4133 foramen
1362 4063 1455 4136 alte·

387 4265 414 4306 ⁶³
431 4263 577 4333 Cirupra,
591 4261 686 4332 11.36.
702 4262 770 4319 luat.
782 4262 809 4317 6.
957 4263 983 4306 ⁷⁰
1000 4271 1019 4296 ‘⁸
1029 4265 1206 4322 ubuum?
1224 4267 1242 4322 i.
1255 4284 1279 4323 ο.
1296 4269 1344 4324 the
1358 4283 1455 4342 open.

387 4343 414 4384 θ
431 4343 474 4398 Cf.
487 4360 577 4414 supra,
590 4341 612 4396 l.
623 4340 667 4398 6⁶.
921 4343 979 4399 tion
990 4343 1022 4399 oi
1032 4343 1176 4416 Ehsdeity.
