3268 5146
591 360 680 428 nm.
699 360 746 428 11.
769 382 823 445 44,
837 377 890 447 45.
1227 363 1292 431 ιιι

240 520 402 597 Onerosa
425 531 546 598 autom
569 525 612 598 rit
635 527 762 621 praxis,
779 527 837 598 vel
863 534 1008 622 propter
1025 528 1211 600 misturam
1238 551 1294 600 re-

191 662 272 710 rum
301 640 501 714 inutilium:
536 641 594 716 rel
624 653 769 737 propter
796 643 1133 738 multiplicationem
1162 645 1294 716 instru-

192 764 414 844 mentornm3
439 756 497 831 vel
523 767 668 853 propter
689 759 822 832 molem
848 759 1005 832 materiae
1030 769 1069 832 et
1094 783 1294 854 corporum,

193 895 272 965 quae
296 874 342 944 ad
367 872 510 967 aliquod
535 897 624 970 opus
653 875 783 968 requiri
808 877 1036 971 contigerint.
1088 876 1217 970 Itaque
1241 900 1294 949 coe

192 989 370 1062 instantiae
394 991 431 1062 in
456 992 571 1086 pretio
596 1013 673 1064 esso
699 991 842 1076 debent,
860 1015 939 1085 quae
956 1001 1018 1066 aut
1036 993 1194 1088 dirigunt
1210 1015 1295 1088 ope·

193 1108 342 1180 mtivam
368 1109 413 1179 ad
438 1131 482 1180 ea
506 1131 584 1202 quae
608 1109 766 1181 maxime
791 1108 977 1181 hominum
1002 1111 1200 1194 intersunt3
1230 1119 1295 1182 aut

193 1245 272 1316 qnae
299 1232 448 1316 pmcuut
473 1225 740 1312 instrumentis3
766 1233 829 1296 aut
854 1248 932 1318 quac
958 1235 1109 1319 parcunt
1137 1229 1295 1299 materiae

194 1339 268 1410 sive
292 1339 515 1432 supellectili.
567 1339 638 1414 Eas
663 1348 784 1412 antem
810 1350 883 1413 tres
905 1341 1104 1426 instantias,
1121 1365 1199 1435 quae
1224 1342 1295 1414 hue

194 1457 386 1550 pertinent,
411 1479 484 1527 uno
514 1457 658 1529 nomine
685 1456 870 1528 instantias
893 1457 1070 1554 propitior
1096 1460 1170 1530 sive
1200 1457 1296 1530 taa-

193 1570 287 1644 oolcs
312 1596 490 1646 vocamus.
541 1573 670 1667 Itaque
697 1573 742 1646 de
769 1573 825 1644 his
852 1581 990 1666 septem
1016 1574 1195 1646 instantiis
1216 1575 1294 1668 jam

194 1689 376 1785 sigillatim
394 1689 572 1761 dicemus:
588 1700 697 1782 atque
715 1711 797 1760 oum
813 1689 857 1759 iis
874 1697 1012 1782 partem
1030 1688 1128 1761 illam
1147 1691 1192 1760 dc
1209 1713 1296 1784 prae·

194 1807 363 1902 rogativis
379 1807 453 1879 siue
470 1805 704 1901 dignitatibus
720 1803 968 1876 instantiarum
984 1805 1202 1877 claudemus.

683 1965 807 2040 XLV.

245 2081 347 2156 Inter
356 2085 608 2184 proeropotiocr
623 2084 881 2167 instantiarum,
906 2107 1081 2177 ponemus
1106 2085 1186 2157 loeo
1203 2087 1296 2159 vice·

192 2200 283 2272 simo
300 2203 414 2294 primo
431 2202 617 2274 instantior
634 2202 751 2301 oiryoe,
769 2202 842 2273 sive
865 2199 962 2272 rodii
972 2227 985 2282 ,·
1010 2225 1096 2295 quas
1114 2204 1223 2273 etiam
1241 2204 1296 2274 in-

193 2317 340 2388 cantius
358 2316 576 2414 perictionir,
594 2318 651 2390 rel
670 2319 716 2389 de
732 2340 802 2389 oon
826 2315 918 2389 nitra
941 2317 1120 2411 appellare
1145 2342 1296 2391 consue·

193 2431 356 2506 vimusffi.
408 2435 573 2507 Virtutes
598 2437 694 2506 enim
720 2457 839 2505 rerum
857 2442 895 2505 et
911 2442 1031 2505 motus
1050 2443 1241 2528 operantur
1258 2445 1296 2506 et

195 2550 435 2644 expediuntur
451 2575 513 2646 per
528 2553 653 2645 spatia,
670 2575 741 2622 non
759 2551 945 2622 indefinita
969 2559 1033 2622 aut
1057 2550 1215 2636 fortuito,
1232 2553 1294 2624 sed

196 2665 299 2739 linita
324 2675 362 2739 et
388 2677 505 2754 certa;
539 2692 618 2762 quae
647 2677 689 2739 ut
716 2669 753 2738 in
779 2666 926 2762 singulis
954 2669 1089 2740 naturis
1118 2668 1297 2760 inquisitis

196 2789 387 2854 teneantur
415 2793 454 2856 et
483 2792 664 2869 notentur,
694 2781 887 2878 plurimum
921 2785 1071 2856 interest
1103 2785 1295 2877 practicae3

196 2921 268 2970 non
284 2898 398 2972 solum
416 2899 461 2972 ad
478 2901 547 2974 hoc
563 2910 693 2972 utnon
709 2900 821 2985 fallat,
838 2901 900 2972 sed
917 2901 1026 2971 ctiam
1050 2909 1092 2971 ut
1114 2901 1225 2996 magis
1249 2903 1298 2973 sit

196 3024 303 3087 aucta
319 3025 357 3088 et
373 3027 509 3111 potens.
561 3015 706 3089 Etenim
723 3018 903 3088 interdum
920 3016 1025 3088 datur
1041 3018 1192 3088 virtutes
1217 3041 1297 3112 pro·

196 3132 339 3218 ducere,
354 3142 394 3204 et
411 3134 597 3206 distantias
614 3141 785 3225 tanquam
810 3132 990 3204 retrahere
1008 3133 1044 3203 in
1061 3133 1228 3226 propins3
1255 3143 1298 3205 ut

195 3251 233 3320 in
250 3249 467 3344 perspioillis.

247 3364 372 3460 Atque
397 3366 557 3460 plurimae
582 3367 732 3436 virtutes
757 3371 949 3457 operantur
971 3373 1009 3436 et
1033 3363 1193 3437 afficiunt
1218 3373 1297 3436 tan·

195 3491 276 3554 tum
293 3506 357 3577 per
373 3491 510 3554 tactum
527 3483 777 3566 manifestum
807 3489 849 3552 ut
864 3479 907 3551 fit
923 3481 959 3552 in
979 3482 1203 3576 percussione
1221 3505 1298 3554 cor·

195 3621 334 3692 porum,
348 3599 409 3670 ubi
427 3598 579 3671 alterum
597 3621 669 3668 non
687 3605 888 3669 summovet
905 3595 1069 3682 alterum,
1087 3597 1154 3669 nisi
1171 3596 1298 3692 impel-

195 3713 273 3786 lens
289 3714 482 3810 impulsum
498 3722 635 3810 tangat.
687 3711 809 3786 Etiam
829 3713 1027 3798 medicinae,
1044 3736 1123 3808 quoe
1140 3714 1298 3786 exterius

194 3829 427 3925 applicantur,
441 3839 483 3902 ut
499 3840 693 3926 unguenta,
711 3828 911 3924 emplastra,
930 3852 1001 3900 nou
1020 3838 1189 3901 exercent
1206 3831 1298 3902 vires

194 3969 285 4034 suas,
306 3949 374 4020 nisi
400 3971 464 4043 per
484 3956 621 4020 tactum
644 3947 808 4042 corporis.
860 3944 1029 4040 Denique
1054 3947 1195 4040 objecta
1219 3970 1298 4019 scu-

227 4145 255 4187 ὓ
271 4154 291 4180 ¹‘
299 4147 381 4204 Casca
392 4148 419 4203 in
432 4145 519 4203 which
530 4147 623 4220 things
638 4164 683 4202 arc
694 4157 723 4204 ιο
763 4145 810 4202 the
830 4146 1018 4220 Hygrometcr,
1039 4146 1086 4201 tlte
1106 4144 1228 4208 Sextant,
1247 4145 1297 4201 tro.

191 4226 226 4282 be
243 4227 384 4283 measured
401 4227 430 4283 in
447 4235 550 4298 respect
561 4235 589 4280 to
601 4226 670 4280 their
680 4245 722 4282 ra-
765 4225 817 4280 For
839 4225 886 4282 the
908 4226 987 4280 raluc
1009 4224 1064 4280 aud
1087 4224 1133 4278 the
1156 4221 1298 4277 madards

190 4306 273 4362 lntion
292 4315 321 4362 to
337 4306 445 4378 apocr?
482 4305 577 4362 Under
595 4303 649 4360 this
669 4305 723 4361 will
763 4303 795 4359 oi
809 4311 911 4360 correct
927 4303 1061 4368 Mensura,
1079 4318 1123 4356 sac
1143 4297 1298 4356 Heraclrel’s

85 4415 87 4418 v
187 4401 266 4440 coms
277 4385 313 4441 all
322 4383 518 4440 Astrouomical
527 4383 721 4449 Instrumenta
765 4383 920 4447 Diacourac,
932 4383 948 4449 ι
960 4395 1091 4453 ιι5-ιι4.
