3078 5180
554 337 642 401 LIB.
664 338 692 402 1.
708 341 827 425 6-13.
1200 340 1237 404 ll

132 503 429 574 concinnationes
450 524 566 572 rerum
588 513 695 573 antea
711 504 958 586 inventarum
984 525 1054 574 uon
1073 505 1169 576 modi
1188 503 1241 574 in·

133 618 319 704 veniendi,
336 627 400 688 aut
416 617 676 711 designationes
694 642 865 689 novorum
884 642 1042 713 operum.

187 868 307 940 Causa
331 891 412 941 vero
433 880 470 940 et
493 868 594 939 radix
616 868 690 939 fere
707 868 865 938 omnium
885 868 1058 940 malorum
1076 872 1112 940 in
1130 871 1244 942 soien-

134 987 197 1056 tiis
218 1009 263 1056 ea
285 1009 357 1057 una
380 994 455 1068 est;
482 984 576 1077 qood
601 985 686 1054 dum
710 986 841 1055 mentis
864 985 1027 1056 humanae
1044 987 1134 1057 vires
1156 986 1243 1058 falso

133 1105 312 1174 miramur
339 1111 378 1174 et
408 1101 624 1185 extollimus,
655 1124 737 1172 vera
771 1103 848 1194 ejus
882 1103 1016 1173 auxilia
1049 1127 1118 1175 non
1150 1126 1245 1196 quoe·

135 1244 269 1292 ramus.
668 1316 706 1387 X

191 1437 379 1508 Subtilitas
404 1444 543 1505 naturae
569 1434 804 1506 subtilitatem
831 1455 953 1506 sensus
978 1443 1016 1505 et
1043 1435 1245 1508 intellectus

137 1553 266 1624 multis
282 1554 442 1646 partibus
459 1548 648 1645 superat¹¹;
670 1560 712 1621 ut
728 1549 886 1645 pulchrae
903 1551 976 1622 illae
995 1553 1245 1625 meditationes

137 1681 179 1741 et
205 1669 464 1762 speculationes
486 1667 650 1737 humanae
676 1676 714 1737 et
737 1667 967 1752 causationes,
986 1691 1041 1740 res
1067 1671 1246 1742 malesana

137 1787 224 1868 sint,
242 1786 308 1856 uisi
326 1787 419 1878 quod
439 1807 509 1855 oon
526 1783 619 1854 adsit
636 1784 697 1878 qui
714 1782 886 1854 advertat.

656 1929 726 2001 XI.

193 2035 296 2106 Sicut
321 2034 485 2114 scientius,
504 2054 585 2123 quae
609 2055 703 2101 nuno
728 2030 913 2114 habentur,
932 2033 1076 2104 inutiles
1097 2036 1245 2106 suntad

139 2152 387 2223 inventionem
406 2171 573 2242 opemm;
600 2149 650 2218 ita
671 2157 708 2218 et
732 2147 855 2242 logica,
874 2172 954 2241 quae
972 2171 1066 2219 nuuc
1083 2150 1245 2233 habetur,

140 2267 280 2339 inutilis
296 2278 352 2336 est
368 2266 412 2336 ad
433 2265 675 2336 inventionem
692 2265 919 2335 scientiarum
932 2260 970 2334 ¹².

650 2413 741 2486 XII.

195 2521 339 2616 Logica,
356 2543 434 2614 quae
451 2522 488 2590 ln
506 2543 570 2590 usu
589 2529 652 2602 est,
670 2521 715 2590 ad
733 2542 868 2591 errores
886 2519 962 2613 (qui
984 2522 1020 2590 in
1042 2521 1248 2594 notionibus

140 2639 348 2733 vulgaribus
377 2637 584 2728 fundantur)
614 2635 844 2707 stabiliendos
876 2645 915 2707 et
947 2636 1106 2730 figendos
1137 2639 1246 2726 valet,

142 2757 387 2850 potiusquam
409 2752 454 2823 ad
476 2752 739 2845 inquisitionem
759 2753 937 2839 veritatis3
963 2763 1005 2824 ut
1022 2755 1135 2850 magis
1153 2755 1252 2827 dam-

142 2895 232 2942 nosa
248 2873 304 2953 sit,
322 2891 429 2963 quam
447 2868 544 2940 utilis
556 2865 592 2938 ¹³.

640 2967 752 3038 XIII.

197 3085 429 3179 Syllogismns
452 3084 496 3156 ad
521 3085 692 3177 principia
715 3085 940 3154 scientiarum
960 3108 1030 3155 non
1048 3087 1250 3172 adhibetur,

143 3204 191 3276 ad
210 3204 329 3274 media
345 3203 525 3272 axiomata
542 3201 672 3271 fmstra
688 3199 887 3283 adhibetur,
901 3223 982 3271 oum
999 3203 1046 3271 sit
1062 3202 1251 3275 subtilitati

185 3428 206 3470 ¹¹
226 3428 293 3484 This
306 3428 416 3501 mbtilty
428 3428 459 3484 ol
469 3427 572 3483 Nature
587 3427 680 3483 Baton
719 3425 824 3496 ἡμέραν,
836 3425 903 3480 οὕτω
918 3426 959 3480 uui
972 3428 1018 3495 τῆς
1029 3425 1151 3497 ἡμετέρας
1163 3430 1253 3500 ψυχῆς

144 3506 253 3565 mmcd
269 3516 298 3562 to
313 3507 392 3562 think
404 3505 492 3562 would
506 3505 540 3561 bo
551 3504 605 3560 laid
617 3505 680 3560 bare
720 3507 806 3562 droit
819 3507 885 3574 πρὸς
899 3505 931 3559 ud
946 3508 978 3575 τῇ
991 3503 1072 3576 φύσει
1084 3507 1252 3579 &mandram

144 3587 184 3661 by
198 3586 245 3642 tho
259 3585 447 3657 iuvesfigution
462 3585 492 3640 ol
501 3585 600 3639 Latent
612 3585 679 3639 Pro-
719 3584 829 3638 πάντων.

144 3683 203 3722 σενι
220 3664 274 3720 md
291 3665 429 3720 sructura
445 3664 499 3719 aud
515 3663 609 3735 hythe
625 3661 679 3718 dit·
758 3660 782 3700 ¹²
800 3661 852 3716 For
870 3660 916 3716 the
935 3661 981 3717 old
1001 3671 1101 3734 system
1122 3663 1152 3718 ol
1169 3664 1253 3736 logio

145 3761 245 3816 oovery
265 3743 296 3798 oi
314 3742 417 3807 Formo,
435 3742 464 3797 iu
481 3741 586 3798 Bloll.
629 3741 680 3796 llis
721 3757 765 3795 soe
785 3739 927 3811 Appendix
950 3740 983 3795 B.
1014 3741 1058 3796 ct.
1078 3742 1115 3797 ll.
1134 3757 1177 3814 52,
1199 3746 1253 3801 aud

145 3824 281 3894 turgange
292 3821 315 3876 ir
327 3839 390 3894 very
401 3821 455 3876 like
467 3819 525 3875 that
537 3820 568 3874 oi
576 3819 679 3874 Aristo·
720 3818 778 3874 that
790 3828 849 3889 part
856 3819 886 3873 oi
896 3817 940 3874 the
950 3825 969 3852 ‘⁴
977 3819 1156 3877 Distributio”
1165 3824 1253 3880 which

144 3902 183 3956 tle
195 3901 267 3964 herc,
280 3899 333 3954 sud
345 3899 374 3954 in
385 3900 486 3954 saverul
497 3897 575 3952 other
582 3898 679 3968 placas.
721 3898 744 3952 is
756 3897 874 3968 prefixed
885 3906 913 3952 to
926 3897 979 3953 this
991 3898 1099 3964 edition,
1107 3901 1160 3956 and
1172 3903 1253 3959 refers

147 3977 199 4034 See
210 3979 294 4034 Arist.
303 3977 424 4048 Memph.
435 3977 487 4032 Blr.
495 3976 521 4031 Α
530 3975 576 4031 the
587 3977 649 4032 less.
662 3975 679 4029 i.
721 3985 750 4031 to
762 3977 807 4032 the
820 3977 891 4031 Nov.
902 3977 969 4049 Org.

139 4056 223 4116 'icor
241 4058 270 4112 dd
289 4058 331 4112 rol
348 4059 393 4126 τῆς
410 4057 588 4126 χαλεπότητος
602 4057 681 4122 οὔσης
760 4054 784 4096 ¹³
801 4055 884 4110 What
902 4055 1042 4112 iswmted
1060 4058 1083 4112 is
1101 4066 1149 4113 not
1166 4077 1254 4130 power

147 4134 681 4207 matbemaotxnmtmpsym·
723 4133 754 4188 ol
771 4133 891 4205 drawing
913 4135 1063 4191 Inierenoes
1085 4135 1154 4190 lrom
1175 4138 1253 4208 given

147 4237 201 4280 σιν,
219 4213 279 4270 ἀλλ’
305 4214 333 4269 ἐν
356 4213 415 4284 ἡμῖν
438 4214 468 4268 τὸ
491 4210 573 4268 αἴτιον
597 4212 681 4281 αἰνῆς.
723 4212 878 4284 Principlao,
892 4212 941 4268 but
955 4214 986 4269 ol
998 4213 1165 4286 discovering
1178 4215 1254 4269 Prin·

142 4293 250 4365 Ὧσπερ
273 4293 324 4365 γὰρ
345 4295 386 4348 καὶ
407 4293 439 4346 τὰ
460 4298 511 4347 τῶν
531 4291 683 4361 νυκτερίδων
723 4293 804 4364 siplae
816 4293 982 4349 themselves.

147 4372 251 4444 ὄμματα
269 4373 335 4442 πρὸς
351 4373 381 4426 rd
397 4371 497 4444 φέγγος
513 4373 566 4443 ἔχει
581 4371 611 4426 τὸ
627 4369 682 4440 μεθ’
