3222 5148
316 341 379 408 172
647 340 821 408 NOVUM
842 339 1092 407 ORGANUM.

340 509 377 582 7.
395 505 522 575 Omnis
548 503 762 595 putrefactio
789 505 825 574 in
851 527 890 575 ee
915 504 1118 575 mdimenta
1134 502 1295 596 quedam
1314 500 1419 574 exilis

388 621 515 692 ealoris
543 619 663 702 babet,
691 620 776 691 lieet
803 643 877 692 non
906 621 1100 712 hueusque,
1132 629 1174 690 ut
1203 619 1250 690 ad
1280 629 1418 692 tactum

389 737 612 830 percipiatur.
666 734 763 807 Nam
780 760 846 808 uec
863 761 906 808 ea
921 738 1009 831 ipsa,
1026 759 1104 829 quae
1127 735 1329 830 putrefacta
1350 735 1420 808 sol-

390 860 523 922 vuntur
547 851 585 920 iu
609 849 864 934 animalculaffl,
881 861 923 922 ut
948 875 1040 934 caro,
1057 875 1191 934 caseus,
1208 852 1254 922 ad
1279 860 1417 924 mum

389 968 634 1060 percipiuntur
666 965 808 1052 oalida;
848 989 965 1058 neque
999 966 1136 1059 lignum
1171 975 1285 1058 putre,
1320 965 1417 1058 quod

389 1092 498 1152 noctu
517 1077 727 1174 splendetffi,
740 1081 1021 1173 deprehenditur
1032 1082 1077 1152 ad
1095 1091 1232 1153 taetum
1250 1081 1416 1153 calidum.

390 1195 499 1267 Calor
522 1207 644 1268 autem
670 1198 707 1266 in
733 1197 884 1289 putridis
909 1199 1121 1290 quaudoque
1146 1219 1185 1269 ae
1210 1197 1329 1290 prodit
1353 1221 1418 1291 per

391 1314 518 1384 odores
535 1323 646 1384 tetros
663 1320 701 1383 et
718 1313 838 1384 fortes.

339 1434 376 1500 8.
393 1427 533 1499 Primus
549 1430 671 1520 itaque
687 1426 813 1499 caloris
836 1428 968 1522 gradus
985 1451 1031 1500 ex
1049 1431 1102 1512 iis,
1119 1451 1199 1521 que
1214 1429 1261 1499 ad
1278 1437 1416 1502 tactum

390 1545 585 1616 humanum
618 1545 861 1638 percipiuntur
890 1542 1013 1625 calida,
1041 1545 1291 1616 videturesse
1320 1545 1418 1617 oalor

389 1660 607 1745 animalium,
625 1662 684 1754 qui
703 1661 796 1732 bene
814 1683 981 1756 maguam
1004 1661 1115 1732 babet
1136 1661 1313 1755 graduum
1336 1660 1418 1732 leti·

390 1776 575 1862 tudinem;
601 1801 683 1848 nam
706 1778 849 1848 infimus
872 1777 1003 1872 gradum
1029 1781 1086 1868 (ut
1108 1777 1147 1847 iu
1171 1778 1332 1870 insectis)
1355 1779 1416 1848 vix

390 1895 435 1964 ad
465 1903 602 1966 tactum
629 1893 926 1986 deprehenditur;
952 1914 1112 1964 summus
1138 1902 1260 1965 autem
1285 1894 1416 1989 gradus

391 2013 452 2081 vix
468 2011 616 2105 attingit
632 2010 678 2081 ad
695 2011 846 2103 gradum
864 2007 989 2080 caloris
1005 2011 1183 2080 radiorum
1207 2008 1290 2082 solis
1306 2012 1343 2080 in
1362 2035 1417 2082 re-

390 2127 556 2221 gionibus
573 2137 611 2196 et
628 2126 848 2219 temporibus
865 2126 1022 2196 maxime
1039 2126 1276 2209 ferventibus;
1297 2148 1416 2219 neque

390 2243 442 2314 ita
456 2243 546 2313 acris
562 2251 627 2324 est,
641 2243 726 2334 quin
746 2239 887 2311 tolerari
905 2243 1017 2334 possit
1033 2263 1056 2310 a
1071 2263 1190 2311 mauu.
1226 2239 1276 2310 Et
1292 2249 1415 2312 tamen

391 2360 551 2430 referunt
569 2359 614 2428 de
631 2355 852 2441 Constantio,
870 2357 1019 2449 aliisque
1044 2357 1236 2440 nonnullis,
1253 2358 1314 2449 qui
1331 2381 1417 2428 eon-

391 2473 586 2544 stitutionie
611 2483 649 2545 et
674 2473 816 2545 habitus
841 2473 994 2566 eorporis
1020 2473 1211 2544 admodum
1238 2475 1322 2544 sicci
1340 2473 1417 2544 fue-

391 2599 485 2670 runt,
503 2590 598 2683 quod
617 2588 830 2660 acutissimis
848 2589 1006 2660 febribus
1022 2589 1175 2682 correpti
1193 2589 1244 2660 ita
1260 2589 1418 2662 inoalue-

392 2707 472 2789 rint,
490 2716 531 2776 ut
557 2729 703 2777 manum
728 2707 910 2776 admotam
935 2705 1194 2799 aliquantulum
1221 2729 1325 2778 urere
1349 2707 1415 2778 visi

392 2821 474 2891 sint.

343 2943 378 3016 9.
395 2935 585 3016 Animalia,
616 2959 662 3007 ex
692 2947 793 3006 motu
824 2945 862 3006 et
891 2937 1157 3019 exercitatione,
1188 2960 1236 3008 ex
1265 2939 1348 3009 vino
1378 2945 1417 3009 et

394 3053 520 3148 epulis,
546 3075 593 3124 ex
623 3075 764 3136 venere,
791 3077 838 3125 ex
868 3053 1026 3124 febribus
1054 3054 1270 3137 ardentibus,
1302 3062 1340 3124 et
1370 3077 1417 3124 ex

393 3170 524 3254 dolore,
541 3178 718 3264 augentur
734 3169 861 3242 calore.

320 3292 379 3358 10.
396 3285 589 3370 Animalia,
607 3286 644 3356 iu
665 3286 864 3358 accessibus
881 3285 1032 3356 febrium
1051 3285 1419 3368 intemittentiuma

394 3403 566 3496 principio
584 3403 714 3495 frigore
731 3412 769 3472 et
785 3401 931 3471 horrore
947 3401 1202 3493 corripiuntuu
1229 3399 1292 3470 sed
1311 3401 1418 3494 paulo

393 3525 476 3610 post
499 3517 668 3610 majorem
694 3518 731 3585 in
756 3516 903 3585 modum
929 3513 1167 3599 incalesouut;
1193 3515 1418 3608 quodetiam

394 3633 530 3705 faciunt
545 3654 568 3701 a
585 3631 758 3724 principio
775 3632 812 3700 in
830 3630 1051 3715 oausonibus,
1068 3641 1108 3701 et
1130 3631 1287 3702 febribus
1310 3635 1420 3726 pesti-

396 3745 610 3818 leutialibus.

321 3869 380 3936 11.
399 3863 603 3955 Inquiratur
620 3863 769 3934 ulterius
792 3863 838 3934 de
862 3863 979 3934 calore
995 3872 1199 3956 comparato
1213 3864 1253 3933 in
1271 3864 1421 3937 diversis

394 3979 615 4063 animalibus,
633 3979 745 4050 veluti
772 3979 934 4072 piscibus,
958 3978 1253 4072 quadrupedibus,
1276 4001 1421 4074 serpen·

355 4195 381 4238 ⁸7
398 4193 813 4266 'Ibitispmbablyerroneoum
828 4193 849 4248 it
889 4193 1002 4250 auimble
1030 4193 1169 4252 condition
1191 4195 1233 4250 for
1254 4193 1301 4252 the
1324 4196 1371 4252 life
1393 4196 1425 4252 d

318 4276 408 4332 icnot
426 4275 531 4346 usually
548 4273 665 4346 thought
681 4272 740 4328 that
756 4281 846 4343 putre-
888 4275 1071 4330 Animrlculre.

318 4353 417 4410 factioa
438 4351 503 4410 doec
523 4369 597 4408 more
617 4351 682 4408 thau
702 4351 812 4423 provide
832 4371 848 4407 a
923 4351 949 4392 ⁸⁸
967 4352 1010 4408 Cf.
1023 4371 1094 4424 supr.
1110 4352 1149 4409 11.
1160 4369 1201 4410 ra.
1214 4349 1283 4410 lust.
1294 4369 1336 4410 ¹2.
