3222 5148
284 304 347 368 152
608 303 781 370 NOVUM
804 303 1053 370 ORGANUM.

359 465 445 537 lieet
470 469 507 536 in
533 468 677 539 insectis
702 468 798 539 calor
824 469 871 540 ob
896 471 1107 563 parvitatem
1133 469 1289 562 corporis
1313 491 1388 539 non

361 583 646 676 deprehendatur
661 584 706 655 ad
725 595 874 656 tactum.

287 705 345 772 21.
373 698 496 770 Fimns
526 702 684 792 equinus,
711 711 750 772 ct
774 702 975 796 hujusmodi
1001 711 1232 775 excrementa
1255 703 1391 774 anima-

363 815 451 886 lium
469 818 636 888 recentia.

288 937 347 1004 22.
374 929 506 1004 Oleum
524 933 616 1004 forte
637 933 846 1027 sulphuris³¹
863 943 902 1006 et
918 935 1050 1008 ritrioli
1068 937 1261 1030 exequitur
1281 959 1391 1030 opera

363 1046 498 1130 caloris,
517 1049 554 1119 in
572 1049 685 1121 linteo
701 1050 897 1122 adurendo.

289 1170 348 1236 23.
379 1163 511 1236 Oleum
542 1165 718 1260 origauiffl,
749 1177 790 1238 et
819 1167 1034 1261 hujusmodi,
1064 1169 1256 1262 exequitur
1284 1189 1393 1261 opera

363 1281 490 1353 caloris
508 1283 545 1352 in
563 1283 753 1355 adurendis
771 1284 908 1355 ossibus
925 1285 1101 1356 dentium.

289 1404 350 1471 24.
377 1398 532 1492 Spiritus
558 1400 629 1471 vini
656 1401 757 1471 fortis
782 1410 821 1472 ct
843 1401 934 1472 bene
960 1402 1175 1474 rectificatus
1201 1400 1396 1492 exequitur

364 1539 472 1610 opera
492 1514 637 1599 caloris;
662 1516 751 1587 adeo
769 1525 811 1587 ut
833 1518 863 1587 si
886 1516 1054 1588 albumen
1071 1519 1130 1589 ovi
1155 1519 1192 1588 in
1209 1539 1294 1590 oum
1314 1516 1396 1610 inji-

365 1632 489 1712 ciatur,
506 1639 710 1703 concrescat
734 1641 771 1703 et
794 1632 961 1716 albescat,
978 1633 1052 1704 fere
1075 1634 1114 1703 in
1130 1633 1278 1706 modum
1294 1631 1398 1704 albn-

364 1747 470 1818 minis
492 1748 607 1834 cccti;
634 1748 735 1841 panis
757 1749 909 1840 injectus
932 1749 1090 1822 torreliat
1110 1759 1149 1820 et
1168 1751 1397 1832 incrustetur,

366 1864 411 1934 ad
430 1863 578 1934 modum
595 1863 696 1958 panis
712 1866 808 1935 tosti.

293 1985 352 2052 25.
378 1979 560 2062 Aromata„
575 1987 613 2052 et
629 1981 748 2052 herbae
765 1980 898 2066 calidae,
909 1991 950 2052 ut
968 1981 1241 2066 dracunculns³⁸‚
1259 1991 1399 2052 nastur-

367 2097 459 2166 tium
489 2108 598 2180 vetna
623 2095 690 2168 &c
720 2095 806 2169 licet
830 2097 875 2168 ad
904 2121 1051 2169 manum
1078 2121 1149 2170 non
1173 2099 1246 2170 sint
1271 2097 1397 2179 calida,

368 2211 449 2302 (nec
479 2212 628 2307 integra,
657 2236 722 2284 nco
753 2213 917 2306 pulveres
941 2217 1080 2305 eornm)
1106 2225 1229 2288 tamen
1254 2215 1301 2286 ad
1330 2212 1400 2284 lin·

367 2351 476 2422 guam
497 2338 535 2400 et
554 2329 713 2421 palatum
730 2354 856 2423 parum
874 2333 1060 2404 masticata
1076 2333 1323 2426 percipiuntur
1341 2355 1401 2402 ca·

369 2445 452 2526 lida,
470 2453 508 2516 ct
529 2447 628 2537 quasi
649 2446 846 2520 adurentia.

296 2559 355 2632 26.
382 2559 539 2631 Acetum
557 2561 660 2646 forte,
679 2573 717 2634 et
739 2565 860 2635 omnia
876 2565 988 2648 acida,
1006 2566 1042 2634 in
1062 2564 1225 2636 membro
1241 2563 1304 2634 ubi
1327 2585 1402 2634 non

371 2677 417 2746 sit
442 2676 644 2769 epidermis‚
670 2678 772 2747 utin
800 2677 914 2763 oculo,
940 2679 1072 2773 lingua,
1098 2691 1162 2750 aut
1187 2678 1307 2772 aliqua
1330 2678 1403 2749 alia

372 2800 474 2883 porte
504 2790 700 2876 vulnerata,
730 2802 768 2864 et
798 2804 881 2866 cute
916 2796 1069 2879 detecta,
1100 2795 1258 2867 dolorem
1292 2796 1403 2876 cient,

373 2931 444 2979 non
469 2907 623 2979 multum
652 2909 913 3002 discrepantem
939 2911 983 2984 ab
1008 2935 1062 2993 eo,
1088 2911 1150 3004 qui
1175 2911 1358 2982 inducitur
1381 2933 1406 2980 a

374 3023 500 3095 calido.

300 3143 359 3217 27.
387 3137 508 3211 Etiam
539 3141 669 3234 frigora
697 3143 792 3213 acria
820 3151 859 3214 et
888 3143 1027 3214 intensa
1056 3145 1232 3216 inducunt
1260 3165 1406 3216 sensum

375 3257 554 3350 quendam
572 3257 773 3342 ustionis³⁴;

336 3472 359 3514 ³¹
380 3479 399 3504 “
407 3473 506 3528 Oleum
518 3473 833 3546 srdphurisctvitrioli.”
920 3475 947 3514 Β
978 3475 1174 3530 Dracunculus.
1233 3473 1409 3528 “Artemisia

303 3552 345 3623 By
365 3552 439 3607 these
463 3561 516 3606 two
540 3569 632 3608 names
657 3553 750 3608 Bacca
773 3571 834 3624 pro·
877 3551 978 3609 Drac.”
1013 3553 1044 3608 oi
1077 3553 1214 3608 Linnoeua
1275 3551 1409 3608 Hereehel

300 3630 383 3702 hably
401 3647 493 3686 meane
517 3629 563 3685 the
584 3649 656 3686 mme
675 3632 762 3704 thing,
783 3633 834 3686 viz.
876 3631 1035 3698 (Discoarse
1057 3649 1094 3687 ou
1119 3631 1182 3686 Nat.
1208 3631 1277 3686 Phil.
1303 3633 1319 3700 l
1331 3632 1409 3702 345.)

304 3708 449 3781 Sulphuric
461 3708 539 3772 haid,
552 3708 639 3764 which
652 3711 675 3765 is
687 3729 722 3764 an
733 3711 836 3766 cil-like
877 3710 965 3780 points
986 3720 1035 3766 out
1055 3709 1101 3766 the
1122 3710 1264 3766 confusion
1283 3710 1312 3765 in
1332 3709 1410 3764 these

302 3786 378 3852 huid,
393 3786 455 3852 and,
468 3786 546 3841 when
562 3787 651 3842 mixed
667 3789 731 3844 with
746 3797 835 3854 water,
878 3786 1015 3843 Instsncee
1040 3789 1152 3860 (ee—25)
1173 3787 1292 3843 hanaen
1316 3787 1409 3860 things

303 3865 435 3938 produces
447 3864 630 3921 considerable
640 3867 711 3922 heat.
876 3867 958 3939 really
968 3866 1024 3931 hot,
1037 3867 1091 3924 and
1108 3867 1186 3922 those
1196 3873 1215 3897 “
1224 3867 1312 3922 which
1325 3868 1411 3922 excite

338 3942 366 3984 ⁸²
382 3943 504 3999 “Oleum
515 3945 648 4016 origani.”
682 3946 836 4001 Theaete-
877 3945 968 4000 incur
979 3963 1087 4016 organa,
1099 3945 1153 4001 and
1165 3944 1415 4018 chieflyinthatol'

304 4025 356 4079 tial
372 4023 422 4078 oile
438 4023 468 4078 of
477 4024 613 4093 vegetable
631 4025 840 4089 mbetancee,oi
878 4032 954 4088 uste,
978 4042 995 4078 a
1018 4025 1153 4080 cannuca
1176 4023 1208 4080 cl
1227 4023 1298 4089 hcet,
1321 4023 1412 4080 which

304 4102 393 4158 which
409 4101 462 4156 this
478 4101 523 4156 Oil
537 4103 571 4171 os
578 4102 726 4172 Mary’orom
741 4103 764 4158 is
776 4121 836 4168 one,
878 4101 941 4174 they
960 4120 1017 4158 owe
1036 4112 1064 4158 tn
1084 4103 1153 4158 their
1173 4103 1254 4176 hdng
1273 4102 1413 4158 Chemical

304 4200 350 4238 are
370 4178 444 4235 acrid
467 4179 521 4234 and
539 4182 647 4246 causfic,
667 4181 722 4238 and
738 4181 838 4255 readily
878 4180 1039 4244 stimulante,
1055 4181 1110 4236 and
1128 4191 1177 4236 not
1195 4191 1223 4237 at
1240 4183 1276 4238 all
1295 4192 1325 4238 to
1342 4183 1413 4238 their

304 4258 484 4317 combustible
513 4277 549 4314 on
574 4258 619 4315 the
648 4259 783 4332 approach
809 4259 841 4316 ω’
879 4257 959 4331 being
970 4261 1084 4332 actually
1096 4259 1174 4316 hct.”

305 4337 423 4411 turning
435 4335 538 4394 bodiea
914 4337 941 4378 ³⁴
957 4339 983 4393 Α
1003 4340 1117 4396 mistake
1141 4341 1288 4412 audegane
1311 4346 1342 4398 tc
1366 4340 1413 4396 the
