3222 5148
494 363 496 368 ,
532 323 873 414 u1n.1.10⁶-109.
988 293 991 298 ’
1189 330 1254 396 roa

149 486 286 556 dlutrm
300 496 357 559 oet
372 487 419 560 dc
436 487 587 560 naturali
605 485 827 582 philosophia
844 490 1026 582 producta,
1040 498 1079 562 et
1095 494 1252 566 mendo

148 601 423 694 particularibus
445 604 492 675 cd
515 625 597 676 oum
622 604 792 691 reductis,
817 612 955 676 utnon
981 607 1044 676 fiat
1069 608 1188 680 eoioeio
1213 616 1252 680 et

148 719 328 790 truncatio
352 719 606 805 scientiarum
631 735 714 789 nam
741 720 851 790 etiam
875 720 1010 813 absque
1036 721 1116 804 hoo,
1134 723 1251 796 minus

148 832 194 903 de
210 855 400 928 progressu
417 837 629 929 sperandum
646 845 713 908 est.

629 1007 774 1082 CVIII.

198 1120 324 1217 Atque
341 1125 386 1195 de
404 1124 650 1218 desperatione
675 1123 846 1210 tollenda,
864 1133 903 1197 et
927 1148 989 1220 spe
1015 1125 1185 1212 facienda,
1202 1150 1249 1212 err,

146 1241 320 1335 praeteriti
338 1243 508 1335 temporie
531 1242 707 1313 erroribus
724 1240 841 1312 valere
858 1243 974 1336 jusula,
992 1253 1056 1314 aut
1078 1245 1250 1316 rectifica-

146 1358 203 1441 tis,
214 1357 295 1450 jam
312 1357 450 1428 dictum
467 1367 533 1430 eet.
586 1356 795 1430 Videndum
821 1369 942 1430 autem
960 1368 998 1430 et
1022 1361 1052 1430 ei
1078 1383 1156 1454 quae
1181 1360 1250 1431 alia

146 1474 229 1556 nint,
248 1497 326 1567 quae
344 1497 444 1567 apem
461 1474 605 1545 iaciant.
659 1472 753 1544 Illud
772 1495 856 1545 vero
879 1477 1055 1558 ocourrit;
1083 1477 1112 1546 si
1137 1475 1251 1546 horni-

146 1582 253 1661 nibus
271 1612 344 1660 non
357 1590 610 1683 quaerentibus,
624 1598 662 1659 et
678 1589 774 1660 aliud
789 1590 991 1684 agentibus,
1005 1589 1121 1661 multa
1137 1591 1248 1676 utilia,

147 1715 319 1798 tanquam
349 1727 432 1777 casu
462 1705 626 1800 quodam,
654 1714 718 1775 aut
748 1729 812 1800 per
841 1709 1073 1788 occasionem,
1104 1709 1250 1780 inventa

146 1821 240 1908 aint3
268 1823 402 1891 nemini
421 1820 572 1892 dubium
589 1843 665 1892 eene
683 1843 795 1916 posse,
814 1823 899 1916 quin
917 1823 1044 1894 iisdem
1062 1827 1250 1914 qnaerenti·

147 1936 225 2022 bus,
243 1945 281 2008 et
298 1935 367 2008 hoc
389 1936 588 2032 egentibus,
607 1937 715 2030 idque
732 1939 790 2008 via
807 1947 843 2008 et
862 1939 996 2022 ordine,
1014 1960 1084 2008 non
1108 1939 1249 2031 impetu

146 2061 186 2123 et
213 2051 418 2136 desultorie,
448 2052 554 2147 longe
584 2051 685 2146 plura
712 2052 832 2148 detegi
862 2074 1007 2124 necesse
1035 2053 1092 2124 ait.
1145 2052 1250 2126 Licet

146 2168 246 2238 enim
269 2166 381 2239 semel
404 2177 467 2238 aut
484 2168 615 2239 iterum
638 2167 798 2239 accidere
821 2169 941 2261 possit,
959 2177 1001 2237 ut
1018 2169 1194 2262 quispiam
1212 2173 1248 2241 in

145 2284 182 2354 id
201 2285 295 2356 forte
313 2284 456 2356 fortuna
473 2284 616 2370 incidat,
636 2283 730 2378 quod
756 2307 887 2379 magno
913 2292 1043 2355 conatu
1066 2295 1104 2357 et
1127 2287 1174 2357 de
1196 2289 1250 2357 in·

146 2401 285 2473 dustria
300 2410 518 2473 scrutantem
536 2409 642 2474 autea
655 2401 766 2496 fugit3
783 2411 903 2472 tamen
921 2403 958 2470 in
975 2424 1114 2472 summu
1130 2426 1249 2475 rerum

145 2515 383 2610 proculdubio
401 2519 619 2588 contrarium
636 2518 828 2588 invenitur.
867 2514 996 2610 Itaque
1013 2517 1120 2612 longe
1136 2518 1248 2612 plura,

147 2643 186 2705 et
212 2633 373 2718 meliora,
399 2643 508 2726 atque
534 2656 597 2728 per
621 2635 758 2705 minora
783 2632 976 2718 intervalla,
1002 2657 1024 2706 e
1049 2637 1186 2706 ratione
1211 2645 1249 2708 et
1371 2629 1374 2638 ’

145 2751 332 2833 industria,
359 2758 397 2820 et
422 2745 627 2832 directione,
654 2758 693 2820 et
718 2750 919 2822 intentione
947 2751 1143 2834 hominum,
1169 2775 1248 2847 spe-

144 2865 258 2937 randa
289 2874 383 2950 sunt,
410 2888 517 2959 quam
543 2888 566 2935 n
590 2887 682 2948 casu,
709 2873 747 2936 et
772 2867 943 2938 instinctu
968 2867 1184 2954 animalium,
1211 2880 1249 2940 et
1381 2938 1384 2947 ,

143 2978 362 3072 hujusmodi,
400 3003 479 3074 quae
508 2979 681 3053 hactenus
714 2983 929 3075 principium
959 2984 1112 3053 inventis
1141 2982 1249 3055 dede·

144 3092 277 3166 runt³².

196 3292 317 3366 Etiam
341 3291 430 3364 illud
455 3293 501 3364 ud
524 3313 621 3387 spem
647 3191 748 3364 ffiii
760 3293 881 3386 possit,
901 3295 995 3388 qnod
1013 3295 1184 3366 nonnulla
1201 3318 1247 3366 ex

143 3490 221 3548 tend.
258 3489 334 3546 Such
357 3489 445 3546 boola
468 3507 498 3544 ua
524 3489 678 3546 Hcrochel’t
718 3489 777 3545 The
802 3489 938 3546 Buconiau
963 3491 1043 3546 Fortu
1073 3501 1121 3546 not
1147 3491 1248 3566 having

143 3569 294 3625 Diccourno
324 3586 360 3624 on
382 3567 496 3624 Natural
515 3567 678 3640 Philosophy
718 3569 787 3625 been
812 3568 975 3634 discovered,
1000 3569 1042 3625 hia
1067 3571 1187 3626 remarks
1210 3590 1246 3628 ou

142 3648 217 3704 lorm
240 3647 287 3702 the
316 3645 377 3702 beet
406 3656 543 3703 comment
569 3663 605 3702 ou
635 3645 677 3702 hia
717 3647 764 3703 the
787 3648 892 3720 growth
916 3648 947 3704 oi
966 3647 1124 3721 knowledge
1152 3649 1189 3724 by
1211 3651 1246 3708 ita

143 3727 282 3798 mentun.
717 3745 810 3782 rums
821 3735 895 3784 uruat
906 3727 1245 3800 nlnyabcuvuntninod.

177 3803 205 3844 ⁸²
221 3801 287 3860 And
304 3813 349 3876 yet
366 3821 432 3859 avan
450 3819 512 3858 now
523 3803 585 3858 how
596 3821 677 3878 many
719 3806 795 3860 Mau’
797 3823 810 3860 ι
822 3805 1248 3877 officouaiaterpreterqsNulcre

143 3891 222 3956 great
233 3881 395 3938 dinmverioa
406 3899 452 3936 aro
464 3880 516 3936 dne
528 3889 556 3936 to
568 3882 676 3938 chance.
717 3893 793 3939 munt
810 3883 843 3939 be
860 3900 934 3940 mora
951 3883 1053 3940 Ilmitcd
1071 3883 1137 3942 thau
1154 3885 1246 3943 Baton

141 3961 439 4030 stamformnplo.
477 3959 574 4014 Inthc
593 3961 678 4032 nppli
718 3959 837 4018 balim
852 3961 979 4018 uttoho
998 3963 1048 4018 but
1065 3960 1247 4022 otthonum

140 4041 229 4096 cation
247 4039 279 4094 ol
296 4055 347 4094 our
366 4037 535 4103 dhcovorieo,
547 4037 677 4104 however,
719 4040 783 4095 time
794 4041 815 4095 it
826 4041 915 4097 auom
927 4041 958 4096 ol
966 4051 1069 4112 greator
1081 4043 1200 4099 venetica
1217 4045 1250 4100 ol

141 4117 256 4174 modern
277 4115 357 4173 timec
380 4133 424 4172 arc
447 4113 488 4171 nr
507 4131 582 4172 moro
599 4117 677 4172 fruit-
718 4130 808 4189 power
828 4119 882 4174 and
905 4119 968 4174 clrill
988 4119 1054 4176 than
1070 4119 1105 4176 he
1128 4119 1246 4194 thought

140 4197 182 4253 tul
205 4197 273 4252 than
298 4195 344 4252 tho
369 4195 476 4250 audent
499 4194 588 4251 would
611 4196 677 4253 have
718 4197 843 4268 possible.
881 4199 932 4253 For
949 4199 1061 4254 modern
1080 4199 1191 4272 I'thlon
1210 4200 1246 4256 do

141 4275 226 4340 bearn
246 4275 289 4330 ior
306 4291 347 4329 ve
361 4273 429 4329 have
446 4289 539 4346 gruum
551 4275 677 4347 vnctlyin
718 4275 849 4348 anythIng
872 4274 960 4332 rather
983 4276 1049 4333 than
1078 4278 1145 4332 level
1168 4279 1244 4334 intol-

140 4352 322 4426 r'ucmity‚il
338 4369 377 4408 wa
394 4350 462 4406 have
480 4351 676 4421 ennoean.
718 4355 791 4410 lectt.
