3222 5148
617 335 705 404 LlB.
724 333 753 406 1.
770 339 821 404 88.
1230 339 1274 404 88

155 497 234 591 jam
259 499 358 571 facte
381 497 574 585 familiaris,
591 511 633 572 ut
655 504 691 572 in
713 502 875 595 qualibet
900 509 977 574 arto
1002 510 1165 574 auctores
1189 503 1276 574 artis

162 635 236 685 suae
266 615 512 690 infirmitatem
547 619 586 688 in
619 626 756 690 naturae
789 617 1003 690 calumniam
1032 626 1196 703 vertant;
1235 628 1275 692 et

161 732 261 823 quod
280 753 337 803 are
353 733 511 826 ipsorum
533 755 604 805 non
628 736 837 827 assequitur,
855 735 892 805 id
910 755 956 805 ex
972 735 1098 805 eadem
1115 744 1192 806 arte
1209 735 1274 806 irn-

163 848 333 941 possibile
351 851 388 920 in
405 859 533 922 natura
549 853 796 944 pronunciant.
850 851 982 944 Neque
999 861 1097 922 certe
1114 851 1274 923 damnari

165 973 288 1056 potest
317 986 384 1050 ars,
412 967 440 1036 ei
472 969 547 1059 ipsa
570 967 720 1060 judicet
784 967 903 1039 Etiam
935 965 1167 1062 philosophia,
1193 987 1275 1061 qum

163 1081 317 1152 nuncin
334 1082 498 1154 manibus
515 1091 581 1167 est,
597 1084 635 1154 in
655 1083 734 1155 sinu
758 1105 823 1156 suo
847 1087 961 1178 posita
981 1084 1143 1176 quadam
1164 1085 1276 1168 fovet,

163 1206 230 1268 aut
246 1197 388 1293 placita,
407 1199 534 1291 quibus
555 1199 600 1290 (si
618 1199 823 1294 diligentius
840 1201 1053 1294 inquiratur)
1074 1195 1142 1271 hoo
1162 1200 1278 1271 homi·

164 1315 272 1386 nibus
289 1317 434 1386 omnino
458 1317 662 1410 persuaderi
680 1317 825 1400 volunt;
852 1317 902 1388 nil
920 1317 966 1388 ab
982 1327 1070 1399 arte,
1089 1316 1145 1389 vel
1163 1313 1278 1388 homi-

164 1431 221 1502 nis
238 1451 356 1524 opero,
374 1433 535 1514 arduum,
553 1443 616 1503 aut
642 1433 680 1503 in
704 1443 867 1504 naturam
892 1434 1119 1526 imperiosum
1137 1440 1175 1505 et
1191 1432 1278 1503 sall-

162 1548 263 1631 dnm,
282 1550 462 1643 expectari
482 1549 633 1629 debem
659 1559 700 1620 ut
722 1551 767 1621 de
792 1549 1024 1643 heterogenia
1045 1549 1171 1622 caloris
1190 1551 1275 1621 astri

165 1671 204 1734 ot
229 1665 333 1759 ignis,
360 1674 399 1735 et
422 1667 601 1749 mistione,
627 1663 827 1760 superius⁹²
851 1664 989 1737 dictum
1015 1676 1079 1738 est.
1131 1666 1221 1750 Quae
1247 1668 1277 1738 si

164 1791 341 1853 notentur
361 1784 570 1868 accuratius,
590 1785 737 1854 omnino
761 1785 944 1878 pertinent
967 1782 1012 1854 ad
1033 1781 1198 1854 humanae
1214 1805 1277 1877 po-

164 1899 305 1970 testatis
330 1900 694 1993 circumscriptionem
719 1900 946 1980 malitiosam,
964 1909 1003 1970 et
1025 1900 1070 1970 ud
1092 1901 1276 1992 qnaesitam

164 2024 203 2086 et
224 2015 449 2087 artificiosam
469 2015 764 2110 desperationem,
782 2036 862 2108 quoe
887 2035 958 2085 non
984 2015 1098 2085 solum
1118 2017 1193 2108 spei
1214 2034 1278 2086 au·-

163 2132 267 2227 guria
291 2131 424 2212 turbet,
452 2133 513 2202 sed
544 2134 653 2203 etiam
682 2151 807 2204 omnen
837 2127 1021 2202 industria
1046 2129 1210 2200 stimulos
1238 2141 1276 2200 et

164 2269 291 2320 nervos
307 2249 453 2333 incidat,
471 2257 580 2342 atque
603 2247 715 2342 ipsius
736 2250 973 2344 experientiae
995 2243 1090 2318 aleas
1109 2247 1274 2338 abjiciat3

164 2367 252 2437 dum
270 2367 316 2438 de
332 2365 400 2438 hoo
417 2375 558 2437 tantum
577 2366 718 2437 solliciti
738 2369 820 2451 sint,
839 2377 881 2438 ut
897 2385 955 2437 are
972 2385 1094 2434 eorum
1117 2364 1277 2457 perlecta

163 2492 375 2566 oenseator;
414 2483 534 2577 gloriae
564 2479 759 2554 vanissimae
794 2495 834 2555 et
868 2483 1115 2578 perditissime
1149 2477 1275 2554 dantes

164 2621 320 2694 operam,
342 2600 479 2672 scilieet
503 2611 543 2671 ut
564 2602 734 2693 quicquid
760 2602 879 2672 adhuc
904 2603 1091 2672 inventurn
1117 2609 1156 2672 et
1180 2619 1277 2670 corn·

163 2716 382 2810 prehensum
399 2739 470 2787 non
487 2718 544 2799 eit,
558 2715 594 2787 id
611 2719 756 2787 omnino
774 2737 843 2790 nec
860 2719 1023 2800 inveniri,
1038 2739 1104 2788 nec
1117 2737 1276 2812 compre·

164 2833 275 2906 hendi
303 2835 470 2928 possein
499 2831 659 2904 futurum
688 2835 865 2906 credatur.
927 2832 982 2906 At
1008 2835 1038 2905 si
1064 2837 1144 2927 quis
1170 2836 1275 2907 rebus

164 2951 300 3022 addere
316 2972 363 3032 ee,
378 2959 415 3020 et
429 2971 562 3021 novum
580 2949 711 3042 aliquid
732 2953 888 3045 reperire
906 2959 1067 3033 conetur,
1080 2947 1141 3022 ille
1155 2961 1275 3023 tamen

164 3070 316 3139 omnino
340 3067 408 3138 sibi
434 3077 607 3160 proponet
632 3075 672 3137 et
697 3066 892 3138 destinabit
917 3086 1028 3136 unum
1055 3067 1198 3158 aliquod
1221 3068 1276 3137 in-

166 3194 315 3255 ventum
338 3185 420 3272 (neo
441 3181 549 3274 ultra)
570 3181 780 3275 perscrutari
806 3191 845 3254 et
869 3202 1013 3264 eruere3
1040 3191 1081 3251 ut
1099 3185 1275 3275 magnetis

167 3306 342 3380 naturam,
372 3298 479 3368 maris
508 3296 646 3368 fluxum
677 3304 715 3367 et
745 3297 935 3380 refluxum,
966 3297 1087 3368 thema
1117 3297 1208 3382 coeli.
1237 3309 1274 3372 et

166 3414 385 3508 hujusmodi,
414 3437 491 3506 quae
525 3414 652 3485 secreti
687 3411 822 3506 aliquid
857 3413 989 3485 habere
1026 3413 1201 3497 videntur,
1236 3425 1274 3488 et

166 3528 340 3602 hactenus
365 3551 489 3622 parum
515 3528 669 3601 feliciter
693 3537 846 3601 tractata
872 3532 963 3600 sint:
994 3552 1103 3622 quum
1126 3553 1272 3604 summae

166 3645 214 3715 sit
238 3645 436 3738 imperitiae,
454 3645 504 3714 rei
528 3641 676 3736 alicujus
702 3655 865 3715 naturam
891 3643 928 3714 in
955 3667 993 3716 se
1016 3647 1091 3738 ipsa
1114 3667 1272 3740 perscru-

165 3759 294 3833 tanti:
320 3761 608 3854 quandoquidem
629 3761 754 3831 eadem
776 3769 911 3844 natura,
929 3785 1005 3854 quae
1025 3763 1061 3832 in
1079 3763 1157 3834 aliie
1175 3765 1272 3839 vide-

200 3975 228 4015 *2
246 3973 291 4030 Oi.
303 3991 378 4044 supr.
393 3972 415 4028 1.
426 3986 469 4045 75.
739 3970 771 4026 oi
785 3972 820 4026 ι11
837 3971 977 4028 one-sided
991 3975 1087 4041 siens,
1105 3973 1137 4032 ol'
1145 3979 1179 4032 all
1191 3981 1271 4050 parti-

199 4055 226 4094 ⁹⁸
241 4053 301 4108 'l'lre
310 4069 477 4107 narrowness
488 4051 519 4106 oi
527 4049 602 4106 mind
611 4049 698 4104 which
740 4051 860 4122 ranahip.
899 4051 924 4106 lt
937 4053 1009 4108 oitsn
1023 4055 1098 4125 gives
1109 4057 1206 4126 rigour
1217 4058 1271 4113 and

161 4133 237 4189 lende
249 4147 314 4187 mon
326 4140 355 4186 to
366 4131 524 4202 investigate
536 4148 587 4185 one
596 4129 699 4201 subject
739 4131 831 4201 poln23
850 4132 908 4201 just
925 4147 955 4185 aa
973 4147 1046 4187 sotne
1065 4143 1173 4205 strango
1191 4137 1270 4190 visus

159 4210 199 4284 177
209 4211 286 4267 itacli
292 4211 322 4265 is
337 4219 387 4264 not
403 4209 519 4280 peculias
532 4218 561 4264 to
574 4208 680 4280 physica
688 4230 698 4273 ;
738 4209 801 4279 gain
819 4211 910 4281 plenty
928 4210 958 4264 oi
972 4213 1126 4283 proselytos,
1139 4213 1175 4284 by
1189 4213 1270 4282 being

160 4291 181 4346 it
193 4291 216 4346 is
229 4288 317 4346 found
329 4289 358 4343 in
372 4287 494 4360 History,
506 4287 622 4350 Politice,
636 4287 697 4341 Mo·
738 4289 869 4360 mnestly
887 4287 940 4342 and
963 4290 1095 4362 zealooely
1114 4291 1270 4362 supported,

160 4367 423 4439 raia-univmlly.
462 4367 488 4422 lt
503 4368 527 4422 is
542 4366 587 4421 the
605 4375 698 4437 parem
738 4365 850 4421 withom
868 4362 1061 4422 consideration
1081 4368 1111 4422 oi
1126 4381 1178 4441 any
1190 4370 1269 4424 oolla·

779 4477 844 4526 Ga
