3222 5148
629 353 717 418 LIB.
739 355 767 418 1.
788 374 858 440 129.
1230 355 1294 422 129

192 519 362 613 maiorem
380 517 572 590 efficaciam
590 527 629 590 et
652 520 750 611 quasi
772 517 946 588 influxum
971 537 1077 608 super
1094 537 1149 586 res
1172 514 1298 586 huma-

192 656 256 706 nas
279 635 482 707 exercuisse
500 633 673 718 videatur,
691 656 798 726 quam
815 633 884 704 ista
900 631 1106 703 mechanica
1128 655 1297 704 exercue-

193 760 288 823 runt.

244 865 424 939 Praeterea
440 888 512 937 non
530 866 592 938 abs
609 891 648 938 re
669 867 787 948 fuerit,
805 867 875 936 tria
892 865 1076 936 bominum
1095 864 1297 936 ambitionis

194 1005 329 1078 genera
353 992 392 1054 ot
418 982 518 1074 quasi
540 982 669 1076 gradus
695 983 924 1075 distinguere.
977 979 1138 1051 Primum
1161 1003 1296 1064 eorum,

194 1101 256 1192 qui
282 1100 459 1192 proprium
476 1099 673 1191 potentiam
690 1098 729 1168 in
746 1099 861 1190 patria
886 1119 949 1167 sua
965 1096 1179 1190 amplificare
1199 1098 1298 1188 cupi-

192 1224 285 1294 unt;
313 1216 408 1307 quod
431 1237 546 1309 genus
563 1214 707 1308 vulgare
731 1223 787 1285 est
810 1223 849 1284 et
872 1213 1036 1306 degener.
1089 1211 1295 1284 Secundum

193 1353 329 1416 eorum,
348 1331 408 1422 qui
433 1331 555 1423 patriae
578 1332 776 1422 potentiam
794 1339 832 1400 et
848 1331 1035 1423 imperium
1055 1330 1149 1399 inter
1172 1330 1298 1399 huma-

193 1468 283 1517 num
299 1469 413 1540 genus
429 1445 645 1539 amplificare
662 1447 845 1518 nituntur:
869 1444 957 1514 illud
977 1442 1056 1537 plus
1073 1452 1171 1514 certe
1187 1444 1297 1516 habet

193 1561 387 1656 dignitatis,
406 1560 613 1654 cupiditatis
639 1561 735 1632 haud
760 1562 889 1631 minus.
941 1560 1047 1644 Quod
1073 1560 1103 1630 si
1128 1560 1207 1652 quis
1232 1561 1298 1631 hu-

193 1680 291 1749 mani
321 1680 460 1772 generis
486 1679 593 1770 ipsius
618 1679 817 1770 potentiam
840 1689 876 1746 et
901 1677 1089 1769 imperium
1115 1678 1153 1746 in
1178 1701 1296 1748 rerum

194 1795 463 1870 universitatem
494 1794 689 1866 instaurare
724 1805 761 1864 et
791 1792 1006 1886 amplificare
1040 1802 1214 1874 conetur;
1255 1816 1297 1864 ea

197 1909 432 2003 proculdubio
449 1909 597 1980 ambitio
614 1909 656 2004 (si
676 1910 782 1980 modo
800 1909 852 1979 ita
868 1909 1027 1978 vocanda
1042 1905 1136 1998 sit79)
1153 1907 1297 2002 reliquis

195 2037 235 2099 et
260 2027 377 2097 sanior
400 2036 455 2096 cst
477 2037 515 2096 et
535 2027 726 2120 augustior.
779 2023 946 2095 Hominis
966 2034 1086 2095 autem
1107 2025 1295 2118 imparium

193 2142 231 2214 in
248 2164 304 2212 res
321 2143 358 2211 iu
375 2140 458 2212 solis
474 2142 610 2214 artibus
627 2150 665 2212 et
681 2142 838 2212 scientiis
856 2142 1020 2233 ponitur:
1046 2149 1182 2211 naturae
1199 2143 1296 2212 enim

195 2280 268 2329 uon
287 2258 490 2350 imperatur,
508 2259 575 2327 uisi
592 2252 791 2350 parendoffl.

246 2373 433 2456 Praeteree,
452 2373 481 2444 si
505 2374 610 2443 unius
632 2371 780 2465 alicujus
801 2371 1023 2465 particularis
1048 2372 1182 2442 inventi
1201 2373 1297 2442 utili-

197 2500 253 2562 tas
276 2490 327 2560 ita
342 2488 504 2560 homines
527 2488 693 2572 affecerit,
714 2499 756 2558 ut
773 2511 865 2571 eum,
884 2488 944 2580 qui
966 2511 1078 2581 genus
1100 2488 1297 2560 humanum

198 2606 401 2676 universum
422 2604 595 2676 beneficio
620 2603 738 2696 aliquo
764 2604 941 2676 devincire
968 2607 1133 2697 potuerit,
1152 2605 1296 2677 homine

196 2722 367 2816 majorem
402 2720 632 2816 putaverint;
672 2730 807 2811 quanto
841 2719 967 2790 celsius
1000 2719 1188 2802 videbitur,
1223 2719 1296 2792 tale

195 2837 331 2930 aliquid
352 2837 522 2918 iuvenire,
539 2858 603 2929 per
620 2834 713 2928 quod
737 2834 806 2904 alia
823 2836 941 2906 omnia
958 2837 1126 2929 expedite
1144 2837 1295 2906 inveniri

193 2952 351 3052 possint?
404 2951 453 3022 Et
471 2963 589 3023 tamen
610 2952 667 3040 (ut
683 2973 806 3021 verum
824 2951 969 3021 omnino
987 2951 1159 3046 dicamus)
1173 2971 1297 3043 quem-

194 3069 387 3141 admodum
418 3066 488 3139 luci
519 3090 682 3162 magnam
713 3067 884 3141 habemus
916 3069 1079 3162 gratiam,
1108 3070 1203 3162 quod
1232 3091 1297 3161 per

194 3207 273 3256 eam
307 3183 380 3254 vias
414 3183 515 3268 inire,
541 3195 635 3254 artes
673 3207 849 3265 exercere,
884 3183 1013 3278 legere,
1046 3207 1110 3254 nos
1144 3183 1296 3266 invicem

194 3299 400 3396 dignoscere
422 3299 606 3392 possimus,
625 3308 664 3372 et
680 3298 910 3370 nihilominus
932 3299 1008 3392 ipsa
1027 3300 1113 3370 visio
1130 3301 1219 3370 lucis
1241 3321 1296 3370 res

193 3417 415 3510 praestantior
431 3422 487 3485 est
504 3423 542 3486 et
559 3414 747 3508 pulchrior,
766 3437 872 3508 quam
890 3414 1081 3508 multiplex
1098 3416 1174 3508 ejus
1191 3437 1295 3486 usus:

192 3534 245 3604 ita
282 3542 380 3604 certe
413 3530 489 3624 ipsa
518 3531 773 3624 contemplatio
807 3553 936 3614 rerum,
966 3543 1071 3624 prout
1101 3540 1195 3616 sunt,
1220 3534 1296 3624 sine

192 3647 451 3744 superstitione
472 3656 537 3718 aut
561 3648 765 3740 impostura,
787 3671 905 3720 errore
929 3656 992 3719 aut
1017 3649 1233 3731 conhrsione,
1258 3651 1296 3719 in

226 3905 253 3949 ⁷⁹
280 3907 374 3964 Batou
398 3910 422 3965 is
449 3909 565 3982 perhaps
594 3911 667 3983 right
696 3913 725 3966 in
766 3913 881 3968 allusion
901 3922 930 3969 to
952 3913 998 3968 the
1019 3913 1179 3985 description
1199 3915 1231 3970 ol
1251 3915 1295 3971 the

195 3986 331 4058 douhting
359 3987 477 4044 whether
502 3988 641 4045 Ambition
673 4008 724 4045 cau
766 3992 886 4064 qualities
901 3993 963 4047 oia
980 3993 1051 4063 good
1069 3997 1183 4063 general.
1221 3995 1296 4067 Lity,

190 4065 269 4139 iairly
282 4064 317 4120 bs
334 4065 467 4122 suambsd
481 4084 512 4122 so
529 4085 558 4122 as
575 4076 604 4123 to
618 4068 724 4124 include
766 4070 821 4125 xxi.
833 4089 860 4138 4.
884 4071 1051 4143 “ingenium
1063 4071 1133 4126 idem
1145 4073 1178 4126 ad
1195 4090 1237 4128 res
1255 4073 1296 4127 di·

189 4144 246 4200 this
267 4142 341 4199 third
360 4143 438 4200 head.
475 4144 571 4217 Surely
586 4147 620 4202 its
639 4147 726 4220 object
765 4149 940 4214 vanissimas,
951 4149 1097 4220 parendum
1117 4157 1197 4222 atque
1216 4152 1296 4222 impe-

190 4219 313 4277 mustbs
329 4221 462 4296 inreality
474 4228 492 4254 “
501 4241 590 4295 power
604 4227 647 4281 ior
661 4244 725 4282 ons·
765 4228 904 4283 ruade'
935 4233 954 4258 ‘⁶
962 4227 1007 4284 Hs
1018 4229 1082 4300 only
1094 4246 1224 4301 conqusrs
1236 4229 1296 4284 who

190 4299 272 4362 wlff
765 4305 1133 4378 haslesrnthowtoobsy.”

227 4339 323 4434 'let
343 4396 417 4450 supr.
440 4379 462 4436 l.
481 4398 508 4452 ³·
553 4381 619 4440 'l'his
644 4384 667 4439 is
691 4401 724 4438 un

818 4495 844 4544 Κ
