<?xml version="1.0" encoding="UTF-8"?>
<!DOCTYPE html PUBLIC "-//W3C//DTD XHTML 1.0 Transitional//EN"
    "http://www.w3.org/TR/xhtml1/DTD/xhtml1-transitional.dtd">
<html xmlns="http://www.w3.org/1999/xhtml" xml:lang="en" lang="en">
 <head>
  <title>
</title>
<meta http-equiv="Content-Type" content="text/html;charset=utf-8" />
  <meta name='ocr-system' content='tesseract 3.04.00' />
  <meta name='ocr-capabilities' content='ocr_page ocr_carea ocr_par ocr_line ocrx_word'/>
</head>
<body>
  <div class='ocr_page' id='page_1' title='image "./franciscibaconi01kitcgoog_0109.png"; bbox 0 0 3222 5148; ppageno 0'>
   <div class='ocr_carea' id='block_1_1' title="bbox 342 337 1120 406">
    <p class='ocr_par' dir='ltr' id='par_1_1' title="bbox 342 337 1120 406">
     <span class='ocr_line' id='line_1_1' title="bbox 342 337 1120 406; baseline -0.004 0"><span class='ocrx_word' id='word_1_1' title='bbox 342 345 387 406; x_wconf 67' lang='lat' dir='ltr'><em>w</em></span> <span class='ocrx_word' id='word_1_2' title='bbox 672 339 849 406; x_wconf 83' lang='lat' dir='ltr'>NOVUM</span> <span class='ocrx_word' id='word_1_3' title='bbox 871 337 1120 406; x_wconf 81' lang='lat' dir='ltr'>ORGANUM.</span> 
     </span>
    </p>
   </div>
   <div class='ocr_carea' id='block_1_2' title="bbox 344 505 1452 1740">
    <p class='ocr_par' dir='ltr' id='par_1_2' title="bbox 344 505 1452 1740">
     <span class='ocr_line' id='line_1_2' title="bbox 344 505 1450 600; baseline -0.005 -20"><span class='ocrx_word' id='word_1_4' title='bbox 344 529 386 580; x_wconf 83' lang='lat' dir='ltr'>aa</span> <span class='ocrx_word' id='word_1_5' title='bbox 403 506 547 581; x_wconf 89' lang='lat' dir='ltr'>interim</span> <span class='ocrx_word' id='word_1_6' title='bbox 564 528 677 600; x_wconf 91' lang='lat' dir='ltr'>quum</span> <span class='ocrx_word' id='word_1_7' title='bbox 697 508 791 580; x_wconf 90' lang='lat' dir='ltr'>inter</span> <span class='ocrx_word' id='word_1_8' title='bbox 812 506 1137 600; x_wconf 77' lang='lat' dir='ltr'>experimentorum</span> <span class='ocrx_word' id='word_1_9' title='bbox 1160 513 1285 588; x_wconf 80' lang='lat' dir='ltr'>sortes,</span> <span class='ocrx_word' id='word_1_10' title='bbox 1304 505 1343 575; x_wconf 92' lang='lat' dir='ltr'>in</span> <span class='ocrx_word' id='word_1_11' title='bbox 1361 527 1450 598; x_wconf 79' lang='lat' dir='ltr'>qure-</span> 
     </span>
     <span class='ocr_line' id='line_1_3' title="bbox 344 621 1451 715; baseline -0.005 -19"><span class='ocrx_word' id='word_1_12' title='bbox 344 624 427 696; x_wconf 88' lang='lat' dir='ltr'>dam</span> <span class='ocrx_word' id='word_1_13' title='bbox 450 621 576 693; x_wconf 78' lang='lat' dir='ltr'><strong>incidit</strong></span> <span class='ocrx_word' id='word_1_14' title='bbox 597 631 661 693; x_wconf 88' lang='lat' dir='ltr'>aut</span> <span class='ocrx_word' id='word_1_15' title='bbox 686 623 762 715; x_wconf 86' lang='lat' dir='ltr'>ipsa</span> <span class='ocrx_word' id='word_1_16' title='bbox 786 621 877 694; x_wconf 81' lang='lat' dir='ltr'>faeie</span> <span class='ocrx_word' id='word_1_17' title='bbox 897 645 999 705; x_wconf 88' lang='lat' dir='ltr'>nova,</span> <span class='ocrx_word' id='word_1_18' title='bbox 1018 632 1082 694; x_wconf 86' lang='lat' dir='ltr'>aut</span> <span class='ocrx_word' id='word_1_19' title='bbox 1102 621 1262 694; x_wconf 85' lang='lat' dir='ltr'>utilitate</span> <span class='ocrx_word' id='word_1_20' title='bbox 1277 644 1352 692; x_wconf 94' lang='lat' dir='ltr'>non</span> <span class='ocrx_word' id='word_1_21' title='bbox 1371 643 1451 692; x_wconf 89' lang='lat' dir='ltr'>oon-</span> 
     </span>
     <span class='ocr_line' id='line_1_4' title="bbox 345 737 1450 833; baseline -0.005 -21"><span class='ocrx_word' id='word_1_22' title='bbox 345 738 558 824; x_wconf 81' lang='lat' dir='ltr'>temnenda3</span> <span class='ocrx_word' id='word_1_23' title='bbox 584 737 787 831; x_wconf 88' lang='lat' dir='ltr'>hujusmodi</span> <span class='ocrx_word' id='word_1_24' title='bbox 805 738 1011 833; x_wconf 78' lang='lat' dir='ltr'>pignoribus</span> <span class='ocrx_word' id='word_1_25' title='bbox 1027 741 1185 810; x_wconf 90' lang='lat' dir='ltr'>animum</span> <span class='ocrx_word' id='word_1_26' title='bbox 1199 739 1327 830; x_wconf 87' lang='lat' dir='ltr'>pasoit,</span> <span class='ocrx_word' id='word_1_27' title='bbox 1340 760 1450 829; x_wconf 85' lang='lat' dir='ltr'>esque</span> 
     </span>
     <span class='ocr_line' id='line_1_5' title="bbox 344 852 1449 948; baseline -0.002 -22"><span class='ocrx_word' id='word_1_28' title='bbox 344 856 383 926; x_wconf 94' lang='lat' dir='ltr'>in</span> <span class='ocrx_word' id='word_1_29' title='bbox 407 855 522 948; x_wconf 87' lang='lat' dir='ltr'>majus</span> <span class='ocrx_word' id='word_1_30' title='bbox 546 861 703 926; x_wconf 85' lang='lat' dir='ltr'>ostentat</span> <span class='ocrx_word' id='word_1_31' title='bbox 729 863 768 924; x_wconf 91' lang='lat' dir='ltr'>et</span> <span class='ocrx_word' id='word_1_32' title='bbox 793 852 970 926; x_wconf 82' lang='lat' dir='ltr'>celebrat:</span> <span class='ocrx_word' id='word_1_33' title='bbox 1007 853 1145 946; x_wconf 89' lang='lat' dir='ltr'>reliqua</span> <span class='ocrx_word' id='word_1_34' title='bbox 1170 875 1233 946; x_wconf 87' lang='lat' dir='ltr'>spe</span> <span class='ocrx_word' id='word_1_35' title='bbox 1261 861 1449 926; x_wconf 81' lang='lat' dir='ltr'>sustentat</span> 
     </span>
     <span class='ocr_line' id='line_1_6' title="bbox 346 967 1452 1065; baseline -0.002 -23"><span class='ocrx_word' id='word_1_36' title='bbox 346 969 478 1065; x_wconf 88' lang='lat' dir='ltr'>Neque</span> <span class='ocrx_word' id='word_1_37' title='bbox 503 980 625 1042; x_wconf 86' lang='lat' dir='ltr'>tamen</span> <span class='ocrx_word' id='word_1_38' title='bbox 650 969 855 1065; x_wconf 79' lang='lat' dir='ltr'>negandum</span> <span class='ocrx_word' id='word_1_39' title='bbox 877 979 932 1042; x_wconf 82' lang='lat' dir='ltr'>est</span> <span class='ocrx_word' id='word_1_40' title='bbox 940 967 979 1054; x_wconf 82' lang='lat'>⁸⁷,</span> <span class='ocrx_word' id='word_1_41' title='bbox 996 970 1222 1042; x_wconf 82' lang='lat' dir='ltr'>elohemietaa</span> <span class='ocrx_word' id='word_1_42' title='bbox 1241 992 1316 1040; x_wconf 93' lang='lat' dir='ltr'>non</span> <span class='ocrx_word' id='word_1_43' title='bbox 1341 991 1452 1063; x_wconf 84' lang='lat' dir='ltr'>panea</span> 
     </span>
     <span class='ocr_line' id='line_1_7' title="bbox 344 1085 1451 1172; baseline -0.003 -13"><span class='ocrx_word' id='word_1_44' title='bbox 344 1089 528 1172; x_wconf 84' lang='lat' dir='ltr'>invenisse,</span> <span class='ocrx_word' id='word_1_45' title='bbox 542 1095 581 1158; x_wconf 89' lang='lat' dir='ltr'>et</span> <span class='ocrx_word' id='word_1_46' title='bbox 598 1086 751 1158; x_wconf 82' lang='lat' dir='ltr'>inventis</span> <span class='ocrx_word' id='word_1_47' title='bbox 769 1086 922 1158; x_wconf 87' lang='lat' dir='ltr'>utilibus</span> <span class='ocrx_word' id='word_1_48' title='bbox 937 1086 1099 1158; x_wconf 84' lang='lat' dir='ltr'>homines</span> <span class='ocrx_word' id='word_1_49' title='bbox 1115 1087 1275 1158; x_wconf 72' lang='lat' dir='ltr'>donaoee.</span> <span class='ocrx_word' id='word_1_50' title='bbox 1314 1085 1451 1158; x_wconf 87' lang='lat' dir='ltr'>Verum</span> 
     </span>
     <span class='ocr_line' id='line_1_8' title="bbox 345 1200 1451 1296; baseline -0.002 -22"><span class='ocrx_word' id='word_1_51' title='bbox 345 1203 467 1275; x_wconf 83' lang='lat' dir='ltr'>fabula</span> <span class='ocrx_word' id='word_1_52' title='bbox 489 1202 551 1275; x_wconf 85' lang='lat' dir='ltr'>illa</span> <span class='ocrx_word' id='word_1_53' title='bbox 573 1225 645 1274; x_wconf 92' lang='lat' dir='ltr'>non</span> <span class='ocrx_word' id='word_1_54' title='bbox 669 1201 764 1273; x_wconf 87' lang='lat' dir='ltr'>male</span> <span class='ocrx_word' id='word_1_55' title='bbox 787 1203 824 1272; x_wconf 94' lang='lat' dir='ltr'>in</span> <span class='ocrx_word' id='word_1_56' title='bbox 847 1200 927 1273; x_wconf 86' lang='lat' dir='ltr'>illos</span> <span class='ocrx_word' id='word_1_57' title='bbox 944 1203 1094 1296; x_wconf 87' lang='lat' dir='ltr'>quadrat</span> <span class='ocrx_word' id='word_1_58' title='bbox 1110 1201 1157 1275; x_wconf 88' lang='lat' dir='ltr'>de</span> <span class='ocrx_word' id='word_1_59' title='bbox 1173 1224 1270 1286; x_wconf 85' lang='lat' dir='ltr'>aene,</span> <span class='ocrx_word' id='word_1_60' title='bbox 1288 1203 1353 1294; x_wconf 90' lang='lat' dir='ltr'>qni</span> <span class='ocrx_word' id='word_1_61' title='bbox 1374 1200 1451 1272; x_wconf 88' lang='lat' dir='ltr'>liliis</span> 
     </span>
     <span class='ocr_line' id='line_1_9' title="bbox 344 1318 1452 1412; baseline -0.003 -21"><span class='ocrx_word' id='word_1_62' title='bbox 344 1341 472 1392; x_wconf 83' lang='lat' dir='ltr'>aurum</span> <span class='ocrx_word' id='word_1_63' title='bbox 497 1319 536 1388; x_wconf 93' lang='lat' dir='ltr'>in</span> <span class='ocrx_word' id='word_1_64' title='bbox 557 1318 662 1390; x_wconf 83' lang='lat' dir='ltr'>vinea</span> <span class='ocrx_word' id='word_1_65' title='bbox 684 1318 864 1391; x_wconf 84' lang='lat' dir='ltr'>defossum</span> <span class='ocrx_word' id='word_1_66' title='bbox 883 1319 959 1412; x_wconf 86' lang='lat' dir='ltr'>(sed</span> <span class='ocrx_word' id='word_1_67' title='bbox 982 1319 1100 1392; x_wconf 85' lang='lat' dir='ltr'>locum</span> <span class='ocrx_word' id='word_1_68' title='bbox 1123 1341 1163 1391; x_wconf 90' lang='lat' dir='ltr'>ae</span> <span class='ocrx_word' id='word_1_69' title='bbox 1184 1318 1323 1390; x_wconf 87' lang='lat' dir='ltr'>neseire</span> <span class='ocrx_word' id='word_1_70' title='bbox 1345 1319 1452 1389; x_wconf 84' lang='lat' dir='ltr'>simn-</span> 
     </span>
     <span class='ocr_line' id='line_1_10' title="bbox 345 1433 1452 1531; baseline -0.004 -23"><span class='ocrx_word' id='word_1_71' title='bbox 345 1435 437 1530; x_wconf 77' lang='lat' dir='ltr'>lans)</span> <span class='ocrx_word' id='word_1_72' title='bbox 455 1435 637 1531; x_wconf 76' lang='lat' dir='ltr'>legaverit,</span> <span class='ocrx_word' id='word_1_73' title='bbox 655 1436 752 1506; x_wconf 90' lang='lat' dir='ltr'>unde</span> <span class='ocrx_word' id='word_1_74' title='bbox 773 1433 825 1506; x_wconf 92' lang='lat' dir='ltr'>illi</span> <span class='ocrx_word' id='word_1_75' title='bbox 848 1435 960 1508; x_wconf 82' lang='lat' dir='ltr'>rineae</span> <span class='ocrx_word' id='word_1_76' title='bbox 985 1435 1160 1509; x_wconf 83' lang='lat' dir='ltr'>fodiendae</span> <span class='ocrx_word' id='word_1_77' title='bbox 1185 1434 1382 1530; x_wconf 78' lang='lat' dir='ltr'>diligenter</span> <span class='ocrx_word' id='word_1_78' title='bbox 1402 1435 1452 1504; x_wconf 91' lang='lat' dir='ltr'>in·</span> 
     </span>
     <span class='ocr_line' id='line_1_11' title="bbox 345 1551 1450 1644; baseline 0 -22"><span class='ocrx_word' id='word_1_79' title='bbox 345 1551 556 1634; x_wconf 85' lang='lat' dir='ltr'>oubuemnt,</span> <span class='ocrx_word' id='word_1_80' title='bbox 587 1560 780 1622; x_wconf 85' lang='lat' dir='ltr'>eteorum</span> <span class='ocrx_word' id='word_1_81' title='bbox 813 1551 957 1642; x_wconf 90' lang='lat' dir='ltr'>quidem</span> <span class='ocrx_word' id='word_1_82' title='bbox 991 1551 1133 1623; x_wconf 92' lang='lat' dir='ltr'>nullum</span> <span class='ocrx_word' id='word_1_83' title='bbox 1165 1561 1362 1644; x_wconf 85' lang='lat' dir='ltr'>repertum,</span> <span class='ocrx_word' id='word_1_84' title='bbox 1392 1551 1450 1622; x_wconf 90' lang='lat' dir='ltr'>sed</span> 
     </span>
     <span class='ocr_line' id='line_1_12' title="bbox 347 1666 1156 1740; baseline 0 -2"><span class='ocrx_word' id='word_1_85' title='bbox 347 1667 525 1739; x_wconf 86' lang='lat' dir='ltr'>vindemia</span> <span class='ocrx_word' id='word_1_86' title='bbox 542 1689 588 1738; x_wconf 87' lang='lat' dir='ltr'>ex</span> <span class='ocrx_word' id='word_1_87' title='bbox 606 1690 649 1738; x_wconf 92' lang='lat' dir='ltr'>ea</span> <span class='ocrx_word' id='word_1_88' title='bbox 665 1666 805 1740; x_wconf 84' lang='lat' dir='ltr'>uultura</span> <span class='ocrx_word' id='word_1_89' title='bbox 822 1667 917 1738; x_wconf 84' lang='lat' dir='ltr'>facta</span> <span class='ocrx_word' id='word_1_90' title='bbox 933 1674 988 1738; x_wconf 90' lang='lat' dir='ltr'>est</span> <span class='ocrx_word' id='word_1_91' title='bbox 1005 1667 1156 1740; x_wconf 86' lang='lat' dir='ltr'>uberior.</span> 
     </span>
    </p>
   </div>
   <div class='ocr_carea' id='block_1_3' title="bbox 347 1781 1571 2575">
    <p class='ocr_par' dir='ltr' id='par_1_3' title="bbox 347 1781 1454 2446">
     <span class='ocr_line' id='line_1_13' title="bbox 397 1781 1451 1880; baseline 0.002 -26"><span class='ocrx_word' id='word_1_92' title='bbox 397 1781 453 1854; x_wconf 79' lang='lat' dir='ltr'>At</span> <span class='ocrx_word' id='word_1_93' title='bbox 474 1781 645 1855; x_wconf 87' lang='lat' dir='ltr'>naturalis</span> <span class='ocrx_word' id='word_1_94' title='bbox 667 1784 797 1878; x_wconf 78' lang='lat' dir='ltr'>magiae</span> <span class='ocrx_word' id='word_1_95' title='bbox 818 1781 983 1866; x_wconf 78' lang='lat' dir='ltr'>cultores,</span> <span class='ocrx_word' id='word_1_96' title='bbox 1000 1784 1061 1876; x_wconf 93' lang='lat' dir='ltr'>qui</span> <span class='ocrx_word' id='word_1_97' title='bbox 1083 1805 1146 1876; x_wconf 91' lang='lat' dir='ltr'>per</span> <span class='ocrx_word' id='word_1_98' title='bbox 1166 1807 1290 1856; x_wconf 88' lang='lat' dir='ltr'>rernm</span> <span class='ocrx_word' id='word_1_99' title='bbox 1312 1807 1451 1880; x_wconf 75' lang='lat' dir='ltr'>sympa-</span> 
     </span>
     <span class='ocr_line' id='line_1_14' title="bbox 348 1895 1453 1992; baseline -0.004 -20"><span class='ocrx_word' id='word_1_100' title='bbox 348 1895 480 1972; x_wconf 78' lang='lat' dir='ltr'>tlrias⁸⁸</span> <span class='ocrx_word' id='word_1_101' title='bbox 500 1900 620 1970; x_wconf 91' lang='lat' dir='ltr'>omnia</span> <span class='ocrx_word' id='word_1_102' title='bbox 643 1899 852 1992; x_wconf 79' lang='lat' dir='ltr'>expediunt,</span> <span class='ocrx_word' id='word_1_103' title='bbox 870 1921 916 1970; x_wconf 82' lang='lat' dir='ltr'>ex</span> <span class='ocrx_word' id='word_1_104' title='bbox 933 1898 1146 1990; x_wconf 84' lang='lat' dir='ltr'>oonjeoturis</span> <span class='ocrx_word' id='word_1_105' title='bbox 1162 1901 1287 1972; x_wconf 86' lang='lat' dir='ltr'>otiosis</span> <span class='ocrx_word' id='word_1_106' title='bbox 1303 1909 1345 1972; x_wconf 89' lang='lat' dir='ltr'>et</span> <span class='ocrx_word' id='word_1_107' title='bbox 1360 1899 1453 1992; x_wconf 89' lang='lat' dir='ltr'>aupi-</span> 
     </span>
     <span class='ocr_line' id='line_1_15' title="bbox 347 2014 1454 2108; baseline 0.002 -22"><span class='ocrx_word' id='word_1_108' title='bbox 347 2015 499 2088; x_wconf 84' lang='lat' dir='ltr'>nieeimie</span> <span class='ocrx_word' id='word_1_109' title='bbox 511 2014 615 2088; x_wconf 88' lang='lat' dir='ltr'>rebus</span> <span class='ocrx_word' id='word_1_110' title='bbox 629 2014 779 2086; x_wconf 87' lang='lat' dir='ltr'>virtutes</span> <span class='ocrx_word' id='word_1_111' title='bbox 791 2023 830 2085; x_wconf 90' lang='lat' dir='ltr'>et</span> <span class='ocrx_word' id='word_1_112' title='bbox 845 2015 1069 2108; x_wconf 77' lang='lat' dir='ltr'>operationes</span> <span class='ocrx_word' id='word_1_113' title='bbox 1086 2015 1314 2090; x_wconf 74' lang='lat' dir='ltr'>admirabiles</span> <span class='ocrx_word' id='word_1_114' title='bbox 1329 2015 1454 2088; x_wconf 86' lang='lat' dir='ltr'>affinx-</span> 
     </span>
     <span class='ocr_line' id='line_1_16' title="bbox 347 2131 1454 2224; baseline -0.002 -20"><span class='ocrx_word' id='word_1_115' title='bbox 347 2143 469 2216; x_wconf 82' lang='lat' dir='ltr'>erunt3</span> <span class='ocrx_word' id='word_1_116' title='bbox 488 2139 597 2224; x_wconf 86' lang='lat' dir='ltr'>atque</span> <span class='ocrx_word' id='word_1_117' title='bbox 613 2132 643 2204; x_wconf 89' lang='lat' dir='ltr'>ei</span> <span class='ocrx_word' id='word_1_118' title='bbox 660 2131 803 2224; x_wconf 88' lang='lat' dir='ltr'>quando</span> <span class='ocrx_word' id='word_1_119' title='bbox 819 2154 928 2224; x_wconf 90' lang='lat' dir='ltr'>opera</span> <span class='ocrx_word' id='word_1_120' title='bbox 944 2131 1183 2215; x_wconf 75' lang='lat' dir='ltr'>exhibuerint,</span> <span class='ocrx_word' id='word_1_121' title='bbox 1196 2155 1241 2204; x_wconf 88' lang='lat' dir='ltr'>ea</span> <span class='ocrx_word' id='word_1_122' title='bbox 1257 2132 1355 2206; x_wconf 87' lang='lat' dir='ltr'>illius</span> <span class='ocrx_word' id='word_1_123' title='bbox 1371 2143 1454 2206; x_wconf 85' lang='lat' dir='ltr'>sunt</span> 
     </span>
     <span class='ocr_line' id='line_1_17' title="bbox 347 2247 1452 2344; baseline 0 -24"><span class='ocrx_word' id='word_1_124' title='bbox 347 2249 498 2344; x_wconf 79' lang='lat' dir='ltr'>generis,</span> <span class='ocrx_word' id='word_1_125' title='bbox 528 2257 570 2318; x_wconf 90' lang='lat' dir='ltr'>ut</span> <span class='ocrx_word' id='word_1_126' title='bbox 603 2249 648 2318; x_wconf 91' lang='lat' dir='ltr'>ad</span> <span class='ocrx_word' id='word_1_127' title='bbox 682 2247 953 2320; x_wconf 72' lang='lat' dir='ltr'>admirationem</span> <span class='ocrx_word' id='word_1_128' title='bbox 987 2259 1026 2320; x_wconf 86' lang='lat' dir='ltr'>et</span> <span class='ocrx_word' id='word_1_129' title='bbox 1059 2250 1270 2336; x_wconf 82' lang='lat' dir='ltr'>novitatem,</span> <span class='ocrx_word' id='word_1_130' title='bbox 1301 2273 1377 2322; x_wconf 95' lang='lat' dir='ltr'>non</span> <span class='ocrx_word' id='word_1_131' title='bbox 1409 2249 1452 2320; x_wconf 87' lang='lat' dir='ltr'>ad</span> 
     </span>
     <span class='ocr_line' id='line_1_18' title="bbox 349 2362 1313 2446; baseline 0.003 -9"><span class='ocrx_word' id='word_1_132' title='bbox 349 2367 506 2437; x_wconf 81' lang='lat' dir='ltr'>fructum</span> <span class='ocrx_word' id='word_1_133' title='bbox 525 2373 563 2436; x_wconf 88' lang='lat' dir='ltr'>et</span> <span class='ocrx_word' id='word_1_134' title='bbox 580 2362 785 2446; x_wconf 86' lang='lat' dir='ltr'>utilitatem,</span> <span class='ocrx_word' id='word_1_135' title='bbox 802 2364 1070 2436; x_wconf 80' lang='lat' dir='ltr'>accommodata</span> <span class='ocrx_word' id='word_1_136' title='bbox 1086 2365 1167 2436; x_wconf 83' lang='lat' dir='ltr'>sint</span> <span class='ocrx_word' id='word_1_137' title='bbox 1308 2429 1313 2440; x_wconf 89' lang='lat'>.</span> 
     </span>
    </p>

    <p class='ocr_par' dir='ltr' id='par_1_4' title="bbox 400 2465 1571 2575">
     <span class='ocr_line' id='line_1_19' title="bbox 400 2465 1571 2575; baseline 0 -24"><span class='ocrx_word' id='word_1_138' title='bbox 400 2479 445 2551; x_wconf 95' lang='lat' dir='ltr'>ln</span> <span class='ocrx_word' id='word_1_139' title='bbox 462 2478 706 2573; x_wconf 84' lang='lat' dir='ltr'>superstitiose</span> <span class='ocrx_word' id='word_1_140' title='bbox 721 2488 844 2551; x_wconf 87' lang='lat' dir='ltr'>autem</span> <span class='ocrx_word' id='word_1_141' title='bbox 865 2481 982 2575; x_wconf 78' lang='lat' dir='ltr'>magia</span> <span class='ocrx_word' id='word_1_142' title='bbox 999 2477 1045 2569; x_wconf 78' lang='lat' dir='ltr'>(si</span> <span class='ocrx_word' id='word_1_143' title='bbox 1061 2489 1100 2554; x_wconf 83' lang='lat' dir='ltr'>et</span> <span class='ocrx_word' id='word_1_144' title='bbox 1116 2481 1162 2552; x_wconf 92' lang='lat' dir='ltr'>de</span> <span class='ocrx_word' id='word_1_145' title='bbox 1178 2479 1246 2552; x_wconf 86' lang='lat' dir='ltr'>bae</span> <span class='ocrx_word' id='word_1_146' title='bbox 1263 2481 1454 2554; x_wconf 90' lang='lat' dir='ltr'>dioendum</span> <span class='ocrx_word' id='word_1_147' title='bbox 1570 2465 1571 2472; x_wconf 7' lang='grc' dir='ltr'>ἵ</span> 
     </span>
    </p>
   </div>
   <div class='ocr_carea' id='block_1_4' title="bbox 351 2594 1456 3158">
    <p class='ocr_par' dir='ltr' id='par_1_5' title="bbox 351 2594 1456 3158">
     <span class='ocr_line' id='line_1_20' title="bbox 351 2594 1456 2690; baseline 0 -22"><span class='ocrx_word' id='word_1_148' title='bbox 351 2597 412 2690; x_wconf 84' lang='lat' dir='ltr'>ait)</span> <span class='ocrx_word' id='word_1_149' title='bbox 435 2594 525 2666; x_wconf 91' lang='lat' dir='ltr'>illud</span> <span class='ocrx_word' id='word_1_150' title='bbox 552 2595 711 2688; x_wconf 78' lang='lat' dir='ltr'>inprimis</span> <span class='ocrx_word' id='word_1_151' title='bbox 736 2594 1093 2668; x_wconf 82' lang='lat' dir='ltr'>animadvertendum</span> <span class='ocrx_word' id='word_1_152' title='bbox 1116 2605 1183 2679; x_wconf 84' lang='lat' dir='ltr'>est,</span> <span class='ocrx_word' id='word_1_153' title='bbox 1200 2619 1278 2670; x_wconf 69' lang='lat' dir='ltr'>eme</span> <span class='ocrx_word' id='word_1_154' title='bbox 1300 2607 1456 2670; x_wconf 88' lang='lat' dir='ltr'>tantum-</span> 
     </span>
     <span class='ocr_line' id='line_1_21' title="bbox 351 2712 1455 2808; baseline 0 -22"><span class='ocrx_word' id='word_1_155' title='bbox 351 2715 458 2786; x_wconf 83' lang='lat' dir='ltr'>modo</span> <span class='ocrx_word' id='word_1_156' title='bbox 486 2714 574 2786; x_wconf 89' lang='lat' dir='ltr'>oerti</span> <span class='ocrx_word' id='word_1_157' title='bbox 604 2713 787 2805; x_wconf 85' lang='lat' dir='ltr'>cujusdam</span> <span class='ocrx_word' id='word_1_158' title='bbox 814 2722 854 2785; x_wconf 85' lang='lat' dir='ltr'>et</span> <span class='ocrx_word' id='word_1_159' title='bbox 884 2712 1023 2784; x_wconf 87' lang='lat' dir='ltr'>deliniti</span> <span class='ocrx_word' id='word_1_160' title='bbox 1051 2713 1193 2808; x_wconf 79' lang='lat' dir='ltr'>generis</span> <span class='ocrx_word' id='word_1_161' title='bbox 1221 2714 1395 2808; x_wconf 78' lang='lat' dir='ltr'>subjecta,</span> <span class='ocrx_word' id='word_1_162' title='bbox 1421 2717 1455 2786; x_wconf 91' lang='lat' dir='ltr'>in</span> 
     </span>
     <span class='ocr_line' id='line_1_22' title="bbox 353 2829 1456 2925; baseline 0.001 -22"><span class='ocrx_word' id='word_1_163' title='bbox 353 2831 483 2925; x_wconf 91' lang='lat' dir='ltr'>quibus</span> <span class='ocrx_word' id='word_1_164' title='bbox 507 2839 602 2901; x_wconf 83' lang='lat' dir='ltr'>artes</span> <span class='ocrx_word' id='word_1_165' title='bbox 630 2829 774 2900; x_wconf 80' lang='lat' dir='ltr'>curiosae</span> <span class='ocrx_word' id='word_1_166' title='bbox 801 2837 840 2901; x_wconf 92' lang='lat' dir='ltr'>et</span> <span class='ocrx_word' id='word_1_167' title='bbox 866 2829 1131 2921; x_wconf 80' lang='lat' dir='ltr'>superstitiosae,</span> <span class='ocrx_word' id='word_1_168' title='bbox 1157 2852 1221 2922; x_wconf 90' lang='lat' dir='ltr'>per</span> <span class='ocrx_word' id='word_1_169' title='bbox 1245 2852 1374 2903; x_wconf 87' lang='lat' dir='ltr'>omnes</span> <span class='ocrx_word' id='word_1_170' title='bbox 1399 2855 1456 2903; x_wconf 89' lang='lat' dir='ltr'>na·</span> 
     </span>
     <span class='ocr_line' id='line_1_23' title="bbox 352 2945 1455 3044; baseline 0.001 -24"><span class='ocrx_word' id='word_1_171' title='bbox 352 2949 479 3030; x_wconf 89' lang='lat' dir='ltr'>tiones,</span> <span class='ocrx_word' id='word_1_172' title='bbox 508 2955 617 3038; x_wconf 88' lang='lat' dir='ltr'>atque</span> <span class='ocrx_word' id='word_1_173' title='bbox 648 2953 781 3029; x_wconf 83' lang='lat' dir='ltr'>aetates,</span> <span class='ocrx_word' id='word_1_174' title='bbox 811 2953 920 3039; x_wconf 87' lang='lat' dir='ltr'>etque</span> <span class='ocrx_word' id='word_1_175' title='bbox 949 2947 1060 3018; x_wconf 84' lang='lat' dir='ltr'>etiem</span> <span class='ocrx_word' id='word_1_176' title='bbox 1093 2945 1293 3041; x_wconf 80' lang='lat' dir='ltr'>religiones,</span> <span class='ocrx_word' id='word_1_177' title='bbox 1322 2949 1455 3044; x_wconf 84' lang='lat' dir='ltr'>aliquid</span> 
     </span>
     <span class='ocr_line' id='line_1_24' title="bbox 352 3061 1455 3158; baseline 0.004 -24"><span class='ocrx_word' id='word_1_178' title='bbox 352 3064 537 3158; x_wconf 89' lang='lat' dir='ltr'>potuerint</span> <span class='ocrx_word' id='word_1_179' title='bbox 565 3071 628 3136; x_wconf 88' lang='lat' dir='ltr'>aut</span> <span class='ocrx_word' id='word_1_180' title='bbox 658 3061 818 3134; x_wconf 85' lang='lat' dir='ltr'>luserint.</span> <span class='ocrx_word' id='word_1_181' title='bbox 881 3062 1011 3154; x_wconf 88' lang='lat' dir='ltr'>ltaque</span> <span class='ocrx_word' id='word_1_182' title='bbox 1042 3063 1112 3133; x_wconf 88' lang='lat' dir='ltr'>ista</span> <span class='ocrx_word' id='word_1_183' title='bbox 1140 3063 1246 3134; x_wconf 82' lang='lat' dir='ltr'>missa</span> <span class='ocrx_word' id='word_1_184' title='bbox 1276 3065 1455 3140; x_wconf 61' lang='lat' dir='ltr'>munius</span> 
     </span>
    </p>
   </div>
   <div class='ocr_carea' id='block_1_5' title="bbox 354 3178 1569 3277">
    <p class='ocr_par' dir='ltr' id='par_1_6' title="bbox 354 3178 1569 3277">
     <span class='ocr_line' id='line_1_25' title="bbox 354 3178 1569 3277; baseline -0.007 -23"><span class='ocrx_word' id='word_1_185' title='bbox 354 3181 507 3254; x_wconf 83' lang='lat' dir='ltr'>interim</span> <span class='ocrx_word' id='word_1_186' title='bbox 528 3178 578 3250; x_wconf 95' lang='lat' dir='ltr'>nil</span> <span class='ocrx_word' id='word_1_187' title='bbox 601 3179 731 3276; x_wconf 87' lang='lat' dir='ltr'>mirum</span> <span class='ocrx_word' id='word_1_188' title='bbox 753 3187 818 3264; x_wconf 86' lang='lat' dir='ltr'>est,</span> <span class='ocrx_word' id='word_1_189' title='bbox 834 3179 864 3250; x_wconf 85' lang='lat' dir='ltr'>si</span> <span class='ocrx_word' id='word_1_190' title='bbox 887 3178 1009 3272; x_wconf 92' lang='lat' dir='ltr'>opinio</span> <span class='ocrx_word' id='word_1_191' title='bbox 1032 3180 1140 3272; x_wconf 82' lang='lat' dir='ltr'>oopiae</span> <span class='ocrx_word' id='word_1_192' title='bbox 1166 3201 1310 3252; x_wconf 84' lang='lat' dir='ltr'>oausam</span> <span class='ocrx_word' id='word_1_193' title='bbox 1332 3182 1455 3277; x_wconf 75' lang='lat' dir='ltr'>inopis</span> <span class='ocrx_word' id='word_1_194' title='bbox 1568 3211 1569 3246; x_wconf 81' lang='lat' dir='ltr'>l</span> 
     </span>
    </p>
   </div>
   <div class='ocr_carea' id='block_1_6' title="bbox 352 3298 1015 3476">
    <p class='ocr_par' dir='ltr' id='par_1_7' title="bbox 352 3298 1015 3476">
     <span class='ocr_line' id='line_1_26' title="bbox 352 3298 502 3372; baseline 0.007 -4"><span class='ocrx_word' id='word_1_195' title='bbox 352 3298 502 3372; x_wconf 86' lang='lat' dir='ltr'>dederit.</span> 
     </span>
     <span class='ocr_line' id='line_1_27' title="bbox 794 3401 1015 3476; baseline -0.014 0"><span class='ocrx_word' id='word_1_196' title='bbox 794 3401 1015 3476; x_wconf 90' lang='lat' dir='ltr'>LXXXVI.</span> 
     </span>
    </p>
   </div>
   <div class='ocr_carea' id='block_1_7' title="bbox 355 3489 1568 4080">
    <p class='ocr_par' dir='ltr' id='par_1_8' title="bbox 355 3489 1568 4080">
     <span class='ocr_line' id='line_1_28' title="bbox 403 3489 1568 3615; baseline 0 -22"><span class='ocrx_word' id='word_1_197' title='bbox 403 3523 528 3615; x_wconf 81' lang='lat' dir='ltr'>Atque</span> <span class='ocrx_word' id='word_1_198' title='bbox 549 3519 735 3590; x_wconf 89' lang='lat' dir='ltr'>bominum</span> <span class='ocrx_word' id='word_1_199' title='bbox 759 3519 996 3604; x_wconf 88' lang='lat' dir='ltr'>admirationi,</span> <span class='ocrx_word' id='word_1_200' title='bbox 1013 3519 1129 3612; x_wconf 89' lang='lat' dir='ltr'>quoad</span> <span class='ocrx_word' id='word_1_201' title='bbox 1151 3518 1331 3593; x_wconf 82' lang='lat' dir='ltr'>doetrinae</span> <span class='ocrx_word' id='word_1_202' title='bbox 1351 3530 1391 3592; x_wconf 87' lang='lat' dir='ltr'>et</span> <span class='ocrx_word' id='word_1_203' title='bbox 1406 3543 1456 3593; x_wconf 87' lang='lat' dir='ltr'>ar·</span> <span class='ocrx_word' id='word_1_204' title='bbox 1567 3489 1568 3508; x_wconf 12' lang='grc' dir='ltr'>ἵ</span> 
     </span>
     <span class='ocr_line' id='line_1_29' title="bbox 355 3635 1454 3732; baseline -0.001 -24"><span class='ocrx_word' id='word_1_205' title='bbox 355 3649 419 3720; x_wconf 85' lang='lat' dir='ltr'>tes,</span> <span class='ocrx_word' id='word_1_206' title='bbox 436 3661 499 3732; x_wconf 90' lang='lat' dir='ltr'>per</span> <span class='ocrx_word' id='word_1_207' title='bbox 516 3659 554 3708; x_wconf 85' lang='lat' dir='ltr'>se</span> <span class='ocrx_word' id='word_1_208' title='bbox 570 3637 655 3708; x_wconf 83' lang='lat' dir='ltr'>eatis</span> <span class='ocrx_word' id='word_1_209' title='bbox 676 3636 826 3730; x_wconf 79' lang='lat' dir='ltr'>simplici</span> <span class='ocrx_word' id='word_1_210' title='bbox 848 3645 886 3708; x_wconf 90' lang='lat' dir='ltr'>et</span> <span class='ocrx_word' id='word_1_211' title='bbox 908 3657 1017 3729; x_wconf 92' lang='lat' dir='ltr'>prope</span> <span class='ocrx_word' id='word_1_212' title='bbox 1040 3635 1177 3730; x_wconf 87' lang='lat' dir='ltr'>puerili,</span> <span class='ocrx_word' id='word_1_213' title='bbox 1194 3637 1454 3710; x_wconf 83' lang='lat' dir='ltr'>incrementum</span> 
     </span>
     <span class='ocr_line' id='line_1_30' title="bbox 355 3753 1455 3848; baseline -0.002 -22"><span class='ocrx_word' id='word_1_214' title='bbox 355 3756 502 3826; x_wconf 85' lang='lat' dir='ltr'>eooeseit</span> <span class='ocrx_word' id='word_1_215' title='bbox 518 3753 563 3824; x_wconf 88' lang='lat' dir='ltr'>ab</span> <span class='ocrx_word' id='word_1_216' title='bbox 581 3775 705 3824; x_wconf 92' lang='lat' dir='ltr'>eorum</span> <span class='ocrx_word' id='word_1_217' title='bbox 725 3763 805 3824; x_wconf 84' lang='lat' dir='ltr'>netu</span> <span class='ocrx_word' id='word_1_218' title='bbox 829 3763 868 3825; x_wconf 89' lang='lat' dir='ltr'>et</span> <span class='ocrx_word' id='word_1_219' title='bbox 889 3753 1049 3837; x_wconf 87' lang='lat' dir='ltr'>artifieio,</span> <span class='ocrx_word' id='word_1_220' title='bbox 1067 3754 1128 3848; x_wconf 92' lang='lat' dir='ltr'>qui</span> <span class='ocrx_word' id='word_1_221' title='bbox 1145 3755 1312 3828; x_wconf 84' lang='lat' dir='ltr'>scientias</span> <span class='ocrx_word' id='word_1_222' title='bbox 1329 3763 1455 3826; x_wconf 72' lang='lat' dir='ltr'>tractu</span> 
     </span>
     <span class='ocr_line' id='line_1_31' title="bbox 356 3867 1455 3943; baseline 0.003 -3"><span class='ocrx_word' id='word_1_223' title='bbox 356 3879 486 3941; x_wconf 87' lang='lat' dir='ltr'>verunt</span> <span class='ocrx_word' id='word_1_224' title='bbox 502 3878 540 3940; x_wconf 90' lang='lat' dir='ltr'>et</span> <span class='ocrx_word' id='word_1_225' title='bbox 557 3867 790 3941; x_wconf 84' lang='lat' dir='ltr'>tradiderunt.</span> <span class='ocrx_word' id='word_1_226' title='bbox 839 3868 897 3940; x_wconf 91' lang='lat' dir='ltr'>Illi</span> <span class='ocrx_word' id='word_1_227' title='bbox 915 3871 1011 3941; x_wconf 92' lang='lat' dir='ltr'>enim</span> <span class='ocrx_word' id='word_1_228' title='bbox 1029 3894 1072 3942; x_wconf 89' lang='lat' dir='ltr'>ea</span> <span class='ocrx_word' id='word_1_229' title='bbox 1088 3869 1283 3942; x_wconf 84' lang='lat' dir='ltr'>ambitione</span> <span class='ocrx_word' id='word_1_230' title='bbox 1299 3881 1339 3943; x_wconf 89' lang='lat' dir='ltr'>et</span> <span class='ocrx_word' id='word_1_231' title='bbox 1355 3870 1455 3942; x_wconf 83' lang='lat' dir='ltr'>affee-</span> 
     </span>
     <span class='ocr_line' id='line_1_32' title="bbox 357 3985 1453 4080; baseline 0.004 -23"><span class='ocrx_word' id='word_1_232' title='bbox 357 3987 493 4057; x_wconf 89' lang='lat' dir='ltr'>tatione</span> <span class='ocrx_word' id='word_1_233' title='bbox 510 4009 568 4058; x_wconf 83' lang='lat' dir='ltr'>eas</span> <span class='ocrx_word' id='word_1_234' title='bbox 586 3995 798 4080; x_wconf 91' lang='lat' dir='ltr'>proponunt,</span> <span class='ocrx_word' id='word_1_235' title='bbox 811 3995 920 4080; x_wconf 88' lang='lat' dir='ltr'>atque</span> <span class='ocrx_word' id='word_1_236' title='bbox 936 3989 1071 4059; x_wconf 83' lang='lat' dir='ltr'>insum</span> <span class='ocrx_word' id='word_1_237' title='bbox 1084 3985 1230 4060; x_wconf 87' lang='lat' dir='ltr'>modum</span> <span class='ocrx_word' id='word_1_238' title='bbox 1244 3985 1453 4068; x_wconf 71' lang='lat' dir='ltr'>efformatae,</span> 
     </span>
    </p>
   </div>
   <div class='ocr_carea' id='block_1_8' title="bbox 390 4213 1455 4290">
    <p class='ocr_par' dir='ltr' id='par_1_9' title="bbox 390 4213 1455 4290">
     <span class='ocr_line' id='line_1_33' title="bbox 390 4213 1455 4290; baseline -0.002 -19"><span class='ocrx_word' id='word_1_239' title='bbox 390 4215 416 4258; x_wconf 80' lang='lat'>⁸⁷</span> <span class='ocrx_word' id='word_1_240' title='bbox 435 4213 478 4271; x_wconf 81' lang='lat' dir='ltr'>Gi.</span> <span class='ocrx_word' id='word_1_241' title='bbox 490 4233 565 4290; x_wconf 76' lang='lat' dir='ltr'>supr.</span> <span class='ocrx_word' id='word_1_242' title='bbox 577 4216 654 4290; x_wconf 55' lang='lat'>143.</span> <span class='ocrx_word' id='word_1_243' title='bbox 927 4221 945 4246; x_wconf 81' lang='lat'>‘⁸</span> <span class='ocrx_word' id='word_1_244' title='bbox 958 4227 1070 4272; x_wconf 77' lang='lat' dir='ltr'>comant</span> <span class='ocrx_word' id='word_1_245' title='bbox 1089 4215 1121 4272; x_wconf 83' lang='lat' dir='ltr'>oi</span> <span class='ocrx_word' id='word_1_246' title='bbox 1138 4215 1266 4272; x_wconf 80' lang='lat' dir='ltr'>Nature”</span> <span class='ocrx_word' id='word_1_247' title='bbox 1287 4217 1311 4272; x_wconf 83' lang='lat' dir='ltr'>ia</span> <span class='ocrx_word' id='word_1_248' title='bbox 1331 4217 1409 4288; x_wconf 71' lang='lat' dir='ltr'>givet</span> <span class='ocrx_word' id='word_1_249' title='bbox 1429 4223 1455 4268; x_wconf 83' lang='lat' dir='ltr'>at</span> 
     </span>
    </p>
   </div>
   <div class='ocr_carea' id='block_1_9' title="bbox 355 4294 1027 4433">
    <p class='ocr_par' dir='ltr' id='par_1_10' title="bbox 355 4294 1027 4433">
     <span class='ocr_line' id='line_1_34' title="bbox 391 4294 1027 4368; baseline 0.002 -17"><span class='ocrx_word' id='word_1_250' title='bbox 391 4295 602 4367; x_wconf 56' lang='lat' dir='ltr'>*mutilae</span> <span class='ocrx_word' id='word_1_251' title='bbox 623 4296 658 4351; x_wconf 84' lang='lat' dir='ltr'>ol.</span> <span class='ocrx_word' id='word_1_252' title='bbox 673 4296 736 4351; x_wconf 76' lang='lat' dir='ltr'>intr.</span> <span class='ocrx_word' id='word_1_253' title='bbox 750 4295 788 4350; x_wconf 89' lang='lat'>11.</span> <span class='ocrx_word' id='word_1_254' title='bbox 801 4308 845 4364; x_wconf 85' lang='lat'>50.</span> <span class='ocrx_word' id='word_1_255' title='bbox 858 4294 885 4362; x_wconf 87' lang='lat'>6,</span> <span class='ocrx_word' id='word_1_256' title='bbox 925 4295 1027 4368; x_wconf 68' lang='lat' dir='ltr'>length.</span> 
     </span>
     <span class='ocr_line' id='line_1_35' title="bbox 355 4373 885 4433; baseline -0.006 -1"><span class='ocrx_word' id='word_1_257' title='bbox 355 4375 442 4432; x_wconf 74' lang='lat' dir='ltr'>obers</span> <span class='ocrx_word' id='word_1_258' title='bbox 466 4373 582 4433; x_wconf 77' lang='lat' dir='ltr'>Beoon‘a</span> <span class='ocrx_word' id='word_1_259' title='bbox 610 4393 670 4432; x_wconf 78' lang='lat' dir='ltr'>own</span> <span class='ocrx_word' id='word_1_260' title='bbox 693 4375 760 4432; x_wconf 79' lang='lat' dir='ltr'>view</span> <span class='ocrx_word' id='word_1_261' title='bbox 783 4374 814 4430; x_wconf 84' lang='lat' dir='ltr'>ol</span> <span class='ocrx_word' id='word_1_262' title='bbox 840 4373 885 4429; x_wconf 84' lang='lat' dir='ltr'>the</span> 
     </span>
    </p>
   </div>
   <div class='ocr_carea' id='block_1_10' title="bbox 0 0 1631 5148">
    <p class='ocr_par' dir='ltr' id='par_1_11' title="bbox 0 0 1631 5148">
     <span class='ocr_line' id='line_1_36' title="bbox 0 0 1631 5148; baseline 0 0"><span class='ocrx_word' id='word_1_263' title='bbox 0 0 1631 5148; x_wconf 95' lang='lat' dir='ltr'> </span> 
     </span>
    </p>
   </div>
  </div>
 </body>
</html>
