3268 5146
335 343 401 407 alo
664 341 838 407 NOVUM
861 341 1109 408 ORGANUM.

337 506 451 579 nuath
467 505 644 578 oireahoo
660 506 874 601 subjeetum.
917 506 972 579 Ea
988 506 1069 578 talia
1089 513 1154 577 est.
1198 505 1237 576 Si
1258 527 1323 598 pro
1340 515 1437 578 certo

338 623 550 706 inveniatur,
567 623 662 714 quod
685 645 767 694 eum
790 623 833 694 fit
855 622 974 694 fluxus
996 623 1041 695 ad
1067 622 1173 694 litora
1196 621 1342 693 adversa
1363 630 1437 693 tam

338 739 491 811 Floridaa
516 761 624 832 quam
651 737 831 832 Hispania
857 739 895 810 in
921 741 1009 811 mari
1026 739 1223 822 Atlantioo,
1244 739 1309 810 fiat
1333 737 1438 809 simul

337 853 456 926 llnxus
482 854 527 926 ad
554 854 659 927 litora
680 851 869 939 Pemviaet
895 865 933 926 et
951 859 1061 951 juxta
1085 855 1229 926 dorsum
1251 853 1375 925 Ohinoe
1400 855 1438 924 in

337 972 427 1042 mari
443 969 629 1053 Australi3
657 979 735 1041 tum
758 980 856 1042 oerte
882 994 945 1064 per
969 970 1060 1042 hano
1085 969 1287 1042 instantiam
1312 967 1440 1040 decho-

337 1085 431 1156 dam
455 1085 689 1178 abjudicanda
705 1095 760 1158 est
782 1086 941 1168 assertio,
960 1087 1056 1178 quod
1079 1085 1197 1158 fluxus
1222 1096 1260 1156 et
1282 1084 1439 1158 refluxus

337 1203 455 1284 maris
472 1200 519 1272 de
536 1223 606 1292 quo
624 1201 822 1293 inquiritur,
840 1202 904 1272 fiat
926 1223 990 1294 per
1012 1212 1152 1273 motum
1168 1203 1438 1296 progreaeivum.

338 1316 471 1410 Neque
505 1317 600 1389 euim
631 1316 846 1409 relinquitur
879 1316 975 1388 aliud
1007 1341 1115 1402 mma,
1145 1327 1208 1388 aut
1238 1318 1349 1402 loous,
1377 1318 1438 1390 ubi

336 1433 447 1526 possit
469 1432 516 1505 od
541 1432 667 1504 eadem
690 1443 851 1527 tempora
875 1433 953 1504 fieri
978 1455 1166 1528 regressus,
1184 1443 1247 1504 aut
1272 1432 1439 1504 refluxus.

338 1545 632 1620 Commodissima
656 1557 776 1620 autem
796 1549 865 1619 hoo
881 1549 962 1620 seiri
986 1549 1109 1642 possit,
1126 1549 1156 1620 si
1180 1549 1379 1641 inquiratur
1394 1549 1440 1619 ah

337 1662 463 1736 ineolis
490 1663 665 1745 Panamae,
691 1674 729 1736 et
753 1663 876 1750 Limae,
903 1663 980 1752 (ubi
1006 1673 1158 1756 uterque
1183 1685 1345 1746 oceanus,
1371 1662 1440 1734 At·

338 1777 491 1850 lautious
513 1787 552 1850 et
567 1777 755 1864 Australis,
773 1803 836 1872 per
858 1801 1005 1873 parvum
1023 1778 1195 1850 isthmum
1219 1778 1439 1872 separantur)

338 1901 460 1964 utrum
483 1894 527 1964 ad
552 1895 744 1965 contrarias
769 1894 890 1964 isthmi
914 1901 1031 1987 partes
1053 1893 1116 1964 liat
1138 1894 1243 1965 simul
1265 1894 1383 1966 fluxus
1402 1903 1440 1966 et

338 2007 496 2080 refluxus
520 2010 635 2091 maris,
653 2031 698 2081 au
719 2033 740 2082 e
764 2017 899 2082 eontra.
950 2007 1090 2081 Verum
1107 2007 1183 2080 haeo
1205 2008 1350 2094 deoisio,
1366 2012 1440 2082 sire

338 2124 553 2218 abjudicatio
576 2135 675 2198 certa
692 2125 844 2208 videtur,
861 2126 978 2220 posito
1000 2125 1095 2218 quod
1112 2133 1206 2196 terra
1222 2133 1295 2198 stet
1314 2128 1441 2198 immo-

339 2240 429 2312 bilis.
481 2240 588 2325 Quod
613 2243 642 2313 si
667 2250 761 2314 terra
785 2251 892 2326 rotet,
909 2241 986 2314 lieri
1009 2240 1156 2312 fortasse
1180 2249 1311 2334 potest,
1328 2250 1371 2311 ut
1393 2263 1441 2313 ax

339 2355 503 2449 inoequali
531 2358 708 2429 rotatione
726 2360 915 2452 (quatenus
939 2357 985 2429 ad
1008 2355 1230 2427 celeritatem
1255 2358 1331 2428 sive
1355 2357 1442 2428 inei·

340 2474 530 2566 tationem)
549 2481 660 2556 terrae,
680 2482 719 2545 et
740 2497 911 2566 aquarum
928 2474 1046 2555 maris,
1062 2481 1231 2564 sequntur
1247 2472 1441 2566 compulsio

339 2588 496 2659 violenta
518 2611 688 2682 aquarum
707 2591 744 2659 in
763 2589 948 2660 eumulum
966 2609 1114 2670 sursum,
1132 2610 1211 2679 quae
1231 2588 1279 2659 sit
1301 2587 1440 2672 fluxus3

340 2711 380 2774 et
413 2703 586 2775 relaxatio
621 2705 814 2778 earundem
850 2709 1051 2800 (postquam
1085 2703 1236 2796 amplius
1269 2704 1440 2776 oumulari

342 2842 414 2890 non
438 2820 685 2914 sustinuerint)
704 2821 741 2891 io
766 2821 942 2904 deorsum,
958 2841 1036 2914 quae
1059 2819 1106 2890 sit
1128 2817 1314 2892 refluxus9.
1366 2817 1441 2892 Ve-

341 2959 420 3006 rum
439 2939 484 3009 de
500 2938 569 3009 hoo
587 2937 751 3009 iacienda
768 2947 823 3009 est
840 2937 1023 3030 inquisitio
1039 2936 1240 3028 separatim.
1266 2933 1440 3006 Attamen

341 3053 449 3124 etiam
467 3052 535 3124 hoo
553 3054 747 3147 supposito,
764 3052 854 3123 illud
869 3075 970 3146 aque
990 3060 1112 3124 manet
1127 3051 1251 3135 fixum,
1268 3051 1363 3143 quod
1381 3073 1441 3122 ne-

341 3191 438 3241 eesse
456 3171 503 3242 sit
519 3170 594 3240 fieri
612 3169 741 3241 alieubi
759 3167 936 3242 refluxum
949 3167 1054 3240 maria
1070 3167 1114 3238 ad
1132 3167 1257 3238 eadem
1270 3176 1441 3262 tempora,

342 3284 470 3378 quihus
487 3287 579 3356 fiunt
596 3283 714 3356 lluxus
730 3286 766 3355 iu
784 3285 861 3356 aliis
878 3286 1047 3378 partibus.

393 3400 576 3487 Similiter,
594 3401 641 3472 sit
658 3409 783 3472 natura
799 3401 976 3492 inquisita,
994 3399 1166 3494 posterior
1182 3399 1244 3471 ille
1259 3408 1379 3472 motus
1396 3423 1441 3472 ex

342 3517 491 3600 duobus,
514 3539 603 3608 quos
632 3519 903 3610 supposuimus;
940 3516 1106 3589 videlieet
1129 3525 1249 3588 motus
1275 3517 1381 3588 maris
1404 3539 1442 3588 se

342 3630 519 3712 attollens,
537 3645 575 3702 st
598 3653 718 3703 rursus
743 3631 947 3718 subsideus;
973 3633 1001 3703 ai
1026 3631 1118 3702 forte
1136 3632 1188 3703 ita
1203 3632 1384 3718 aooidon't,
1401 3641 1443 3703 ut

343 3745 521 3841 (diligenti
538 3746 633 3817 iaoto
651 3747 831 3839 examine)
849 3747 1028 3840 rejiciatur
1050 3755 1168 3820 motus
1190 3749 1290 3832 alter,
1309 3748 1442 3840 dequo

377 3967 450 4040 ⁸137
463 3966 542 4032 Peru,
556 3968 647 4024 Baton
663 3967 768 4026 soemed
783 3980 812 4025 to
830 3970 871 4026 in·
912 3971 960 4028 the
971 3969 1192 4028 PaeifioOeeans.

342 4045 420 4103 clude
436 4045 482 4102 the
497 4045 681 4118 chieipanol
691 4048 872 4105 SouthAme·
948 4049 962 4088 θ
986 4049 1045 4104 'l'he
1075 4049 1200 4105 Rotation
1229 4049 1261 4102 oi
1285 4047 1331 4104 tho
1361 4047 1445 4104 Barth

341 4127 396 4182 rica
425 4123 786 4182 ontheEastarnCoast.
829 4125 872 4182 Gi.
914 4127 1319 4198 eameathegrsateurrents
1348 4127 1446 4183 inthe

342 4222 432 4276 supra,
446 4201 485 4258 11.
499 4217 542 4274 η.
577 4203 642 4259 And
658 4204 705 4261 the
723 4205 798 4260 Mare
815 4205 874 4260 Au·
914 4205 1089 4263 Oeean-the
1107 4205 1187 4260 Polar
1202 4213 1312 4260 eumont
1330 4205 1384 4261 and
1401 4205 1447 4262 ru·

342 4281 641 4340 stralehareisuotour
652 4282 873 4340 modemSouth-
915 4284 983 4340 Guli
1001 4295 1115 4340 stream:
1144 4281 1197 4338 and
1218 4283 1276 4339 also
1295 4283 1342 4339 tha
1359 4283 1446 4340 Trade

342 4379 389 4418 ern
408 4361 509 4424 Oeam,
530 4359 580 4417 hut
600 4361 646 4416 the
666 4360 800 4418 Seuthem
819 4361 873 4418 and
914 4362 999 4419 winda
1011 4364 1039 4419 in
1052 4361 1096 4417 the
1108 4360 1156 4426 air,
1169 4361 1218 4417 bat
1231 4370 1279 4418 not
1290 4361 1437 4418 the'lides.
