3078 5180
522 351 611 417 LIB.
627 351 723 439 163,
739 355 792 434 64.
1169 355 1212 418 48

99 510 232 605 Neque
252 511 346 584 illud
364 535 566 607 quenquam
587 521 741 594 moreat,
758 513 853 605 quod
877 513 915 584 in
939 513 1035 586 libris
1058 515 1136 609 ejus
1151 511 1210 586 De

98 627 312 701 animalibus
322 627 347 714 ⁴,
366 639 405 702 et
426 631 463 702 in
481 625 764 714 Problematidcs,
781 640 820 701 et
839 631 878 701 in
897 629 975 702 aliis
992 631 1064 702 suis
1080 639 1209 702 hacta·

97 746 203 829 tibus,
221 747 381 818 versatio
398 747 566 840 frequens
583 746 684 818 sitin
702 746 967 840 experimentis.
1021 745 1089 818 Ille
1111 748 1208 820 enirn

97 857 193 950 prius
210 858 444 943 decreveram
469 882 587 953 neque
609 859 867 953 experientiam
890 859 937 930 ad
959 860 1210 933 constituenda

98 973 244 1044 decreta
265 984 309 1045 et
331 976 513 1048 axiomata
536 977 603 1046 rite
623 974 823 1061 consuluit;
848 975 911 1048 sed
934 984 1122 1069 postquam
1145 999 1209 1068 pro

97 1090 245 1162 arbitrio
278 1113 346 1163 suo
377 1092 600 1177 decrevisset,
629 1093 887 1185 experientiam
916 1092 1051 1164 adsue
1079 1093 1210 1186 placita

98 1215 231 1278 tortam
248 1209 498 1293 circumducit,
516 1219 556 1282 et
571 1209 768 1303 captivam
794 1217 836 1281 ut
852 1208 921 1280 hoe
937 1209 1047 1280 etiam
1064 1210 1209 1282 nominc

98 1324 211 1418 magis
241 1325 467 1398 aecumndus
495 1327 552 1408 sit,
581 1347 689 1419 quam
719 1335 911 1398 sectatores
940 1327 1017 1419 ejus
1045 1326 1207 1398 moderni

99 1437 410 1526 (scholasticorum
427 1441 719 1538 philosophorum
734 1445 861 1538 genus)
875 1443 936 1536 qui
949 1443 1207 1536 experientiam

69 1579 77 1589 ’
98 1559 245 1629 omnino
261 1558 510 1632 deseruerunt.

585 1658 729 1734 LXIV.

146 1761 202 1836 At
224 1763 460 1858 philosophie
481 1787 596 1861 genus
618 1763 844 1860 empiricum⁵
865 1765 995 1859 placita
1015 1767 1127 1860 magis
1145 1767 1208 1840 de·

100 1879 225 1952 lormia
241 1891 284 1953 et
302 1889 501 1954 monstrosa
517 1882 648 1967 educit,
658 1905 765 1975 quam
782 1878 1004 1978 sophisticum
1021 1891 1084 1954 aut
1100 1883 1208 1954 ratio-

100 1996 179 2069 nale
207 2019 351 2092 genus;
390 1997 575 2091 quianon
604 2000 643 2069 in
672 1998 752 2071 luce
782 2001 967 2069 notionum
996 1997 1206 2092 vulgarium,

103 2111 194 2204 (que
211 2113 303 2186 lieet
319 2115 437 2186 tenuis
454 2115 502 2186 sit
519 2123 558 2186 et
573 2114 814 2209 superficialis,
828 2123 949 2186 tamen
966 2125 1021 2186 est
1037 2114 1208 2207 quodam·

102 2231 208 2303 modo
230 2230 453 2313 universalis,
471 2232 570 2302 etad
591 2232 708 2303 multa
731 2231 926 2325 pertinens)
944 2229 1006 2304 sed
1024 2231 1059 2300 in
1078 2254 1208 2325 pauco-

103 2370 179 2419 rum
193 2350 526 2444 experimentorum
543 2349 715 2444 angustiis
732 2357 772 2421 et
787 2347 1003 2420 obscuritate
1016 2347 1207 2418 fundatum

104 2472 166 2534 est.
217 2464 350 2558 Itaque
380 2463 461 2538 tulis
490 2465 712 2559 philosophia
741 2464 822 2549 illis,
850 2463 975 2556 quiin
1003 2463 1207 2556 hujusmodi

104 2583 358 2674 experimentis
375 2581 536 2674 quotidie
554 2590 747 2666 versantur,
765 2589 874 2674 atque
891 2603 938 2652 ex
954 2580 1038 2675 ipsis
1057 2579 1207 2675 phanta-

105 2695 189 2768 siam
210 2698 512 2780 contaminaruut.
529 2697 721 2791 probabilis
738 2695 890 2780 videtur,
908 2705 946 2768 et
963 2697 1061 2789 quasi
1087 2707 1205 2786 certa3

106 2815 245 2900 caeteris,
264 2813 481 2885 incredibilis
499 2823 537 2884 et
553 2835 653 2885 vana.
696 2812 806 2908 Cujus
824 2812 1031 2906 exemplum
1049 2813 1206 2884 notabile

105 2939 157 3002 est
184 2933 221 3003 in
254 2929 434 3015 chemicis,
463 2953 657 3023 eorumque
688 2930 934 3024 dogrnatibus;
970 2927 1054 3000 alibi
1084 2940 1206 3003 autem

106 3047 163 3117 rix
188 3049 260 3120 hoe
290 3056 451 3142 tempore
481 3048 671 3130 invenitur,
701 3047 768 3118 nisi
797 3047 889 3116 forte
918 3046 953 3116 in
984 3043 1206 3138 philosophia

106 3159 296 3237 Gilberti⁶.
359 3163 431 3234 Sed
461 3172 584 3234 tamen
614 3162 707 3236 circa
735 3161 937 3255 hujusmodi
967 3159 1206 3254 philosophias

105 3283 221 3354 cantic
248 3279 483 3353 nullomodo
510 3278 817 3372 praetermittcuda
844 3284 941 3359 erat3
973 3275 1057 3367 quia
1083 3285 1205 3346 mente

100 3393 170 3486 jam
191 3397 426 3491 praevidemus
446 3407 484 3468 et
507 3419 731 3490 auguramur,
749 3393 778 3464 si
797 3393 938 3485 quando
954 3391 1126 3474 homines,
1143 3415 1206 3462 no-

106 3513 183 3585 stris
201 3512 351 3586 monitis
373 3513 533 3594 excitati,
551 3512 596 3583 ad
621 3510 878 3605 experientiam
904 3531 942 3580 se
967 3507 1058 3579 serio
1081 3515 1206 3579 contu-

106 3625 209 3702 lerint
229 3627 361 3718 (valere
379 3629 487 3724 jussis
514 3628 683 3699 docuinis
707 3625 920 3720 sophisticis)
942 3633 1019 3696 tum
1044 3623 1202 3708 demum,

107 3838 480 3912 oresprmedisbcapsope.
517 3837 632 3892 Bacon’s
673 3835 783 3891 himself
794 3837 884 3891 allum
898 3835 919 3890 it
934 3852 970 3890 uo
980 3834 1048 3890 little
1057 3834 1165 3890 honour
1176 3836 1204 3890 in

107 3915 234 3989 objcetiou
253 3935 290 3973 no
310 3917 396 3973 doubt
414 3915 503 3972 would
523 3916 558 3971 be
574 3916 633 3971 that
672 3914 719 3970 the
730 3915 801 3970 Adv.
813 3915 844 3969 oi
854 3914 996 3986 learning,
1010 3913 1043 3968 B.
1052 3914 1070 3969 i.
1083 3933 1111 3986 p.
1120 3933 1165 3982 44.

107 3991 193 4052 hlsu's
212 3995 370 4068 knowledge
387 4003 461 4052 must
475 3996 633 4066 necessarily
708 3991 1205 4065 ⁵'l'hee’prmplchereattachedwould

108 4069 501 4146 dependouhiseonccptions.
673 4071 1204 4145 begcodsoiaresitisanappeeltu

138 4150 631 4208 ⁴tusffet.snsmt.olnnstouewas
673 4150 756 4206 laets:
774 4150 835 4215 bad,
848 4151 876 4205 in
888 4150 947 4206 that
957 4151 979 4205 it
990 4149 1039 4204 has
1050 4149 1206 4204 nodletlscd

108 4231 228 4303 eruumy
239 4247 257 4285 a
268 4228 308 4284 far
321 4245 395 4284 more
412 4229 564 4302 systematis
578 4227 632 4283 aud
673 4229 727 4285 and
738 4249 774 4285 no
786 4231 918 4285 Petiesce.

108 4307 268 4381 sahslactory
282 4307 421 4364 collection
438 4307 504 4362 thau
517 4306 632 4362 Becon's
707 4308 721 4347 ⁶
740 4309 842 4366 Gilbert
857 4307 888 4364 oi
902 4308 1064 4370 (tolcham,
1081 4305 1115 4360 si.
1128 4322 1202 4374 supr.

109 4382 184 4456 Sylva
207 4389 350 4461 sylvanum
374 4386 406 4440 is.
452 4385 515 4440 And
541 4385 632 4442 Bacon
675 4387 698 4442 l.
711 4401 754 4458 54.
1246 4381 1251 4388 ¹
