3156 5176
597 345 815 430 n1s.11.4s.
1200 348 1265 414 a1s

162 509 223 583 alii
248 508 335 582 alios
360 516 521 604 tempore
546 517 585 581 et
609 510 793 584 celeritate
818 517 1056 605 praevertunt3
1091 509 1151 582 clii
1177 509 1265 582 allos

164 627 299 711 fovent,
315 625 495 713 roborant,
512 625 694 721 ampliant,
712 626 922 700 accelerant.

215 742 340 815 Motus
357 741 540 838 calippio
561 745 706 816 omnino
723 752 779 816 est
795 744 1044 816 adamantinus
1063 750 1103 814 et
1118 740 1268 814 invinci-

164 861 256 934 bilis.
308 860 443 934 Utrum
460 885 543 934 vero
568 870 687 936 motus
709 886 818 936 nemu
839 865 887 936 sit
907 862 1131 946 invincibilis,
1149 862 1267 934 adhuc

166 978 351 1050 haeromus.
411 977 544 1071 Neque
585 981 683 1050 enim
720 1003 784 1073 pro
827 987 925 1052 certo
966 977 1268 1065 affirmaverimus,

164 1103 287 1165 utrum
315 1095 422 1165 detur
449 1117 613 1176 vacuum,
639 1096 713 1167 sivo
738 1102 998 1178 coacervatum,
1023 1095 1100 1166 sive
1120 1094 1268 1188 permis-

167 1207 274 1281 tum².
326 1207 382 1282 At
406 1209 452 1282 ds
476 1210 540 1282 illo
564 1210 668 1282 nobis
693 1218 844 1294 constat,
860 1211 1036 1282 rationem
1061 1209 1171 1293 illam,
1188 1231 1269 1303 pro·

166 1332 248 1419 pter
274 1345 380 1418 quam
408 1325 653 1398 iutmdnctum
684 1335 740 1398 est
768 1346 922 1398 vacuum
955 1349 978 1397 a
1007 1324 1201 1419 Leucippo,
1231 1331 1270 1395 et

167 1438 404 1525 Democrito³,
424 1439 605 1536 (videlicet
622 1442 717 1534 quod
741 1441 875 1535 absque
892 1463 936 1513 eo
956 1461 1028 1512 nou
1045 1448 1191 1535 possent
1213 1463 1271 1512 ea·

167 1556 250 1626 dem
281 1577 428 1649 corpora
456 1555 647 1650 complecti
676 1565 714 1629 et
739 1555 888 1650 implere
912 1557 1047 1650 majora
1071 1566 1109 1628 et
1133 1557 1271 1628 minora

167 1672 297 1764 spatia)
325 1669 449 1744 falsam
480 1693 568 1744 essa.
629 1671 696 1744 Est
722 1673 817 1745 enim
847 1672 955 1765 plane
978 1669 1075 1767 plica
1104 1671 1270 1756 metm

167 1785 413 1881 complicantis
440 1798 480 1860 et
506 1788 710 1882 replicantis
737 1811 776 1861 se
805 1811 870 1883 per
896 1791 1011 1881 spatia
1036 1791 1131 1861 inter
1156 1798 1271 1862 certos

167 1901 257 1974 fines
280 1902 415 1997 absque
440 1904 710 1998 interpositione
735 1905 857 1978 vacui:
891 1927 1010 1998 neque
1035 1913 1092 1978 est
1117 1906 1154 1976 in
1180 1906 1271 1988 aire,

169 2041 215 2090 ex
236 2041 360 2104 vacuo,
377 2019 432 2091 bis
456 2019 586 2092 millies
610 2018 768 2109 (tantum
795 2021 891 2092 anim
917 2041 994 2092 esse
1020 2022 1175 2114 oportet)
1192 2020 1272 2114 plus

169 2156 275 2226 quam
306 2135 345 2204 in
373 2157 470 2206 auro.
526 2132 570 2207 Id
600 2137 697 2228 quod
726 2159 773 2207 ex
801 2137 1056 2230 potentissimis
1085 2157 1272 2230 corporum

169 2252 478 2343 pneumatioomm
495 2253 697 2336 virtutibus,
715 2250 809 2345 (que
829 2252 934 2324 aliter
957 2261 1127 2345 tanquam
1150 2252 1275 2345 pulve-

170 2389 227 2438 res
252 2368 382 2438 minuti
407 2377 573 2441 natarent
596 2371 635 2441 iu
658 2372 786 2461 vacuo)
810 2379 848 2443 et
873 2369 997 2441 multis
1022 2369 1101 2460 eliis
1125 2371 1274 2444 demon·

171 2486 410 2571 strationibus,
438 2487 540 2558 nobis
569 2488 653 2560 satis
680 2488 805 2583 liquet.
867 2487 1012 2582 Reliqui
1043 2510 1126 2561 vero
1155 2497 1275 2561 motus

172 2610 305 2696 regunt
337 2613 375 2674 et
407 2612 583 2698 reguntur
614 2605 779 2691 invicem,
807 2629 872 2699 pro
902 2604 1100 2676 rationibus
1133 2605 1274 2700 rigoris,

173 2719 310 2810 quanti,
331 2717 561 2804 incitationis,
581 2720 838 2813 ejaculatiouls‚
857 2743 996 2793 necnon
1021 2728 1100 2793 tum
1125 2719 1278 2792 auxilio-

173 2857 265 2918 rum,
284 2841 363 2904 tum
379 2835 729 2928 impedimentorum,
747 2859 825 2929 quse
842 2843 1044 2908 occurmut.

226 2949 393 3044 Exempli
416 2951 553 3045 gratia3
580 2972 727 3047 magnes
744 2960 901 3024 armatus
921 2951 1114 3024 nonnullus
1137 2951 1279 3024 detinet

175 3074 215 3140 et
238 3065 423 3159 suspendit
447 3066 582 3137 ferrum
606 3067 652 3138 ad
678 3065 956 3162 sexageouplum
981 3067 1120 3160 pondus
1145 3067 1279 3160 ipsius;

174 3203 220 3254 eo
243 3203 356 3274 usque
379 3181 584 3253 dominatur
604 3189 726 3254 motus
747 3181 1021 3280 oonprepctioais
1047 3180 1206 3263 minoris
1223 3203 1282 3252 su·

175 3321 241 3392 per
265 3303 404 3368 motum
425 3297 699 3396 conprcpotionis
724 3297 891 3392 mojmss5
915 3297 1011 3390 quod
1036 3297 1066 3368 si
1087 3298 1202 3390 majus
1226 3295 1282 3366 fu-

176 3414 245 3486 erit
261 3414 410 3507 pondus,
427 3415 637 3486 succumbit.
675 3413 803 3488 Vectis
819 3415 912 3486 tanti
930 3415 1065 3486 roboris
1081 3412 1283 3484 sublevabit

177 3538 320 3602 tantum
347 3529 508 3623 pondns;
535 3554 579 3603 eo
604 3553 717 3624 usque
743 3531 948 3604 dominatur
971 3537 1091 3602 motus
1115 3525 1284 3602 libertatis

176 3669 283 3742 super
304 3655 447 3718 motum
469 3646 742 3746 conpropotiocis
765 3644 908 3739 majolo
920 3670 933 3726 ,·
957 3647 1012 3718 siu
1035 3645 1151 3739 majus
1174 3645 1285 3718 fuerit

213 3839 227 3880 ²
244 3839 336 3896 Bacon
348 3839 411 3896 berc
427 3857 512 3895 seems
524 3848 553 3894 to
565 3838 634 3896 bove
649 3855 711 3894 sus·
750 3837 910 3903 tormentit
927 3836 1048 3910 mingled
1063 3836 1128 3893 with
1145 3835 1286 3909 povdmed

177 3917 271 3990 poeoed
283 3917 343 3974 that
352 3917 398 3973 the
413 3917 539 3990 ordinary
549 3917 644 3974 notion
655 3917 687 3972 ol
695 3935 712 3972 a
751 3917 917 3982 substanees,
930 3918 984 3973 and
995 3915 1033 3988 by
1044 3916 1090 3972 the
1105 3917 1193 3981 latter,
1205 3915 1244 3970 air
1257 3915 1287 3969 in

177 3995 546 4054 Vacuumwasunfounded.
572 3994 712 4053 Butwbat
752 3997 820 4054 bulk
840 4015 870 4052 as
894 3996 916 4052 it
937 3997 986 4052 lias
1006 3994 1111 4051 muund
1134 3995 1189 4050 und
1212 4011 1287 4064 upon

178 4075 243 4132 does
266 4076 301 4131 hc
323 4093 402 4132 mesu
420 4074 458 4148 by
478 4075 632 4131 “vacuum
656 4073 712 4130 sive
752 4073 821 4132 such
837 4075 1006 4132 substances.
1044 4073 1143 4129 lhsvs
1157 4070 1286 4129 ventured

178 4164 363 4210 coacervatum
405 4154 460 4210 sive
501 4153 660 4226 permistum
674 4153 711 4206 l'’
752 4155 918 4210 totranslatc
932 4153 952 4208 it
964 4159 983 4184 ‘⁸
996 4151 1129 4216 Vacuum,
1141 4151 1225 4207 either
1240 4167 1287 4205 en-

179 4233 279 4298 neos,
299 4232 338 4289 ll.
351 4245 395 4305 50,
413 4230 449 4288 hc
468 4231 566 4304 speaks
585 4233 616 4288 ol
632 4237 651 4263 ‘¹
658 4231 713 4288 Aer
752 4231 845 4287 timor
856 4231 980 4302 partial.'’

178 4312 344 4384 permistus¹’
367 4311 421 4366 and
446 4317 520 4368 “aer
542 4317 713 4366 coacsmtus
788 4307 1064 4381 ³Secsuprs,l.5r.

179 4399 206 4446 ct
226 4389 434 4456 cirmmlurus‚”
453 4387 588 4461 meaning,
607 4389 645 4462 by
667 4387 714 4443 the
