<?xml version="1.0" encoding="UTF-8"?>
<!DOCTYPE html PUBLIC "-//W3C//DTD XHTML 1.0 Transitional//EN"
    "http://www.w3.org/TR/xhtml1/DTD/xhtml1-transitional.dtd">
<html xmlns="http://www.w3.org/1999/xhtml" xml:lang="en" lang="en">
 <head>
  <title>
</title>
<meta http-equiv="Content-Type" content="text/html;charset=utf-8" />
  <meta name='ocr-system' content='tesseract 3.04.00' />
  <meta name='ocr-capabilities' content='ocr_page ocr_carea ocr_par ocr_line ocrx_word'/>
</head>
<body>
  <div class='ocr_page' id='page_1' title='image "./franciscibaconi01kitcgoog_0110.png"; bbox 0 0 3222 5148; ppageno 0'>
   <div class='ocr_carea' id='block_1_1' title="bbox 576 345 1260 428">
    <p class='ocr_par' dir='ltr' id='par_1_1' title="bbox 576 345 1260 428">
     <span class='ocr_line' id='line_1_1' title="bbox 576 345 1260 428; baseline 0.003 -20"><span class='ocrx_word' id='word_1_1' title='bbox 576 345 665 409; x_wconf 81' lang='lat' dir='ltr'><strong>nin.</strong></span> <span class='ocrx_word' id='word_1_2' title='bbox 684 345 711 410; x_wconf 92' lang='lat'><strong>1.</strong></span> <span class='ocrx_word' id='word_1_3' title='bbox 730 346 781 426; x_wconf 83' lang='lat' dir='ltr'><strong>sc,</strong></span> <span class='ocrx_word' id='word_1_4' title='bbox 799 346 849 428; x_wconf 79' lang='lat'><strong>87.</strong></span> <span class='ocrx_word' id='word_1_5' title='bbox 1221 347 1260 410; x_wconf 85' lang='lat' dir='ltr'><strong>ar</strong></span> 
     </span>
    </p>
   </div>
   <div class='ocr_carea' id='block_1_2' title="bbox 157 509 1267 3283">
    <p class='ocr_par' dir='ltr' id='par_1_2' title="bbox 157 509 1267 1422">
     <span class='ocr_line' id='line_1_2' title="bbox 157 509 1266 605; baseline 0 -24"><span class='ocrx_word' id='word_1_6' title='bbox 157 531 201 581; x_wconf 85' lang='lat' dir='ltr'><strong>ac</strong></span> <span class='ocrx_word' id='word_1_7' title='bbox 227 509 340 583; x_wconf 89' lang='lat' dir='ltr'><strong>veluti</strong></span> <span class='ocrx_word' id='word_1_8' title='bbox 366 519 579 604; x_wconf 78' lang='lat' dir='ltr'><strong>personatos,</strong></span> <span class='ocrx_word' id='word_1_9' title='bbox 605 512 640 581; x_wconf 92' lang='lat' dir='ltr'><strong>in</strong></span> <span class='ocrx_word' id='word_1_10' title='bbox 669 513 854 582; x_wconf 89' lang='lat' dir='ltr'><strong>hominum</strong></span> <span class='ocrx_word' id='word_1_11' title='bbox 880 519 1110 605; x_wconf 89' lang='lat' dir='ltr'><strong>conspectum</strong></span> <span class='ocrx_word' id='word_1_12' title='bbox 1134 511 1266 605; x_wconf 84' lang='lat' dir='ltr'><strong>produ-</strong></span> 
     </span>
     <span class='ocr_line' id='line_1_3' title="bbox 157 626 1264 722; baseline 0.001 -24"><span class='ocrx_word' id='word_1_13' title='bbox 157 635 256 710; x_wconf 88' lang='lat' dir='ltr'><strong>eunt,</strong></span> <span class='ocrx_word' id='word_1_14' title='bbox 277 650 321 698; x_wconf 85' lang='lat' dir='ltr'><strong>ac</strong></span> <span class='ocrx_word' id='word_1_15' title='bbox 345 628 375 698; x_wconf 88' lang='lat' dir='ltr'><strong>si</strong></span> <span class='ocrx_word' id='word_1_16' title='bbox 401 626 470 699; x_wconf 83' lang='lat' dir='ltr'><strong>illae</strong></span> <span class='ocrx_word' id='word_1_17' title='bbox 495 630 592 698; x_wconf 92' lang='lat' dir='ltr'><strong>omni</strong></span> <span class='ocrx_word' id='word_1_18' title='bbox 618 652 664 700; x_wconf 89' lang='lat' dir='ltr'><strong>ex</strong></span> <span class='ocrx_word' id='word_1_19' title='bbox 690 639 792 722; x_wconf 89' lang='lat' dir='ltr'><strong>parte</strong></span> <span class='ocrx_word' id='word_1_20' title='bbox 818 628 984 720; x_wconf 75' lang='lat' dir='ltr'><strong>perfecta</strong></span> <span class='ocrx_word' id='word_1_21' title='bbox 1010 637 1136 711; x_wconf 78' lang='lat' dir='ltr'>essent,</span> <span class='ocrx_word' id='word_1_22' title='bbox 1158 627 1264 699; x_wconf 91' lang='lat' dir='ltr'><strong>etad</strong></span> 
     </span>
     <span class='ocr_line' id='line_1_4' title="bbox 157 743 1267 837; baseline -0.002 -23"><span class='ocrx_word' id='word_1_23' title='bbox 157 744 301 814; x_wconf 89' lang='lat' dir='ltr'><strong>exitum</strong></span> <span class='ocrx_word' id='word_1_24' title='bbox 323 743 516 835; x_wconf 74' lang='lat' dir='ltr'>perductae.</span> <span class='ocrx_word' id='word_1_25' title='bbox 567 743 606 816; x_wconf 88' lang='lat' dir='ltr'><strong>Si</strong></span> <span class='ocrx_word' id='word_1_26' title='bbox 628 745 725 814; x_wconf 91' lang='lat' dir='ltr'><strong>enim</strong></span> <span class='ocrx_word' id='word_1_27' title='bbox 741 745 952 816; x_wconf 82' lang='lat' dir='ltr'><strong>methodum</strong></span> <span class='ocrx_word' id='word_1_28' title='bbox 969 743 1115 837; x_wconf 80' lang='lat' dir='ltr'><strong>aspicias</strong></span> <span class='ocrx_word' id='word_1_29' title='bbox 1131 751 1169 814; x_wconf 91' lang='lat' dir='ltr'><strong>et</strong></span> <span class='ocrx_word' id='word_1_30' title='bbox 1186 765 1267 835; x_wconf 85' lang='lat' dir='ltr'><strong>par·</strong></span> 
     </span>
     <span class='ocr_line' id='line_1_5' title="bbox 158 856 1266 954; baseline -0.002 -24"><span class='ocrx_word' id='word_1_31' title='bbox 158 859 306 930; x_wconf 76' lang='lat' dir='ltr'><strong>titiones</strong></span> <span class='ocrx_word' id='word_1_32' title='bbox 314 856 353 944; x_wconf 82' lang='lat'><strong>⁸⁹,</strong></span> <span class='ocrx_word' id='word_1_33' title='bbox 374 859 444 931; x_wconf 85' lang='lat' dir='ltr'><strong>illae</strong></span> <span class='ocrx_word' id='word_1_34' title='bbox 469 883 610 954; x_wconf 86' lang='lat' dir='ltr'><strong>prorsus</strong></span> <span class='ocrx_word' id='word_1_35' title='bbox 633 863 753 932; x_wconf 91' lang='lat' dir='ltr'><strong>omnia</strong></span> <span class='ocrx_word' id='word_1_36' title='bbox 775 860 964 953; x_wconf 85' lang='lat' dir='ltr'><strong>complecti</strong></span> <span class='ocrx_word' id='word_1_37' title='bbox 988 869 1028 931; x_wconf 87' lang='lat' dir='ltr'><strong>et</strong></span> <span class='ocrx_word' id='word_1_38' title='bbox 1053 858 1266 931; x_wconf 80' lang='lat' dir='ltr'><strong>concludere</strong></span> 
     </span>
     <span class='ocr_line' id='line_1_6' title="bbox 157 975 1266 1072; baseline -0.001 -23"><span class='ocrx_word' id='word_1_39' title='bbox 157 978 338 1059; x_wconf 88' lang='lat' dir='ltr'><strong>videntur,</strong></span> <span class='ocrx_word' id='word_1_40' title='bbox 349 1001 428 1071; x_wconf 83' lang='lat' dir='ltr'><strong>quae</strong></span> <span class='ocrx_word' id='word_1_41' title='bbox 440 981 476 1049; x_wconf 90' lang='lat' dir='ltr'><strong>in</strong></span> <span class='ocrx_word' id='word_1_42' title='bbox 490 979 579 1050; x_wconf 93' lang='lat' dir='ltr'><strong>illud</strong></span> <span class='ocrx_word' id='word_1_43' title='bbox 592 980 793 1072; x_wconf 89' lang='lat' dir='ltr'><strong>subjectum</strong></span> <span class='ocrx_word' id='word_1_44' title='bbox 807 981 933 1051; x_wconf 90' lang='lat' dir='ltr'><strong>cadere</strong></span> <span class='ocrx_word' id='word_1_45' title='bbox 946 986 1103 1071; x_wconf 89' lang='lat' dir='ltr'><strong>possunt.</strong></span> <span class='ocrx_word' id='word_1_46' title='bbox 1140 975 1266 1069; x_wconf 82' lang='lat' dir='ltr'><strong>Atque</strong></span> 
     </span>
     <span class='ocr_line' id='line_1_7' title="bbox 157 1091 1266 1188; baseline 0.002 -26"><span class='ocrx_word' id='word_1_47' title='bbox 157 1091 246 1164; x_wconf 90' lang='lat' dir='ltr'><strong>licet</strong></span> <span class='ocrx_word' id='word_1_48' title='bbox 268 1094 431 1166; x_wconf 88' lang='lat' dir='ltr'><strong>membra</strong></span> <span class='ocrx_word' id='word_1_49' title='bbox 453 1094 515 1165; x_wconf 86' lang='lat' dir='ltr'><strong>illa</strong></span> <span class='ocrx_word' id='word_1_50' title='bbox 537 1095 630 1166; x_wconf 91' lang='lat' dir='ltr'><strong>male</strong></span> <span class='ocrx_word' id='word_1_51' title='bbox 654 1095 812 1188; x_wconf 86' lang='lat' dir='ltr'><strong>impleta,</strong></span> <span class='ocrx_word' id='word_1_52' title='bbox 830 1103 868 1166; x_wconf 89' lang='lat' dir='ltr'><strong>et</strong></span> <span class='ocrx_word' id='word_1_53' title='bbox 885 1095 999 1168; x_wconf 84' lang='lat' dir='ltr'><strong>veluti</strong></span> <span class='ocrx_word' id='word_1_54' title='bbox 1019 1093 1170 1188; x_wconf 87' lang='lat' dir='ltr'><strong>capsulae</strong></span> <span class='ocrx_word' id='word_1_55' title='bbox 1190 1094 1266 1164; x_wconf 85' lang='lat' dir='ltr'><strong>ina-</strong></span> 
     </span>
     <span class='ocr_line' id='line_1_8' title="bbox 157 1209 1265 1305; baseline 0.001 -26"><span class='ocrx_word' id='word_1_56' title='bbox 157 1231 224 1281; x_wconf 86' lang='lat' dir='ltr'><strong>nes</strong></span> <span class='ocrx_word' id='word_1_57' title='bbox 248 1210 343 1293; x_wconf 89' lang='lat' dir='ltr'><strong>sint;</strong></span> <span class='ocrx_word' id='word_1_58' title='bbox 378 1218 500 1282; x_wconf 86' lang='lat' dir='ltr'><strong>tamen</strong></span> <span class='ocrx_word' id='word_1_59' title='bbox 527 1212 622 1302; x_wconf 94' lang='lat' dir='ltr'><strong>apud</strong></span> <span class='ocrx_word' id='word_1_60' title='bbox 647 1210 871 1284; x_wconf 89' lang='lat' dir='ltr'><strong>intellectum</strong></span> <span class='ocrx_word' id='word_1_61' title='bbox 898 1211 1081 1305; x_wconf 84' lang='lat' dir='ltr'><strong>vulgarem</strong></span> <span class='ocrx_word' id='word_1_62' title='bbox 1108 1209 1265 1282; x_wconf 76' lang='lat' dir='ltr'><strong>scientie</strong></span> 
     </span>
     <span class='ocr_line' id='line_1_9' title="bbox 158 1325 1015 1422; baseline 0.005 -28"><span class='ocrx_word' id='word_1_63' title='bbox 158 1325 310 1398; x_wconf 82' lang='lat' dir='ltr'><strong>formam</strong></span> <span class='ocrx_word' id='word_1_64' title='bbox 328 1335 367 1398; x_wconf 92' lang='lat' dir='ltr'><strong>et</strong></span> <span class='ocrx_word' id='word_1_65' title='bbox 383 1327 556 1398; x_wconf 89' lang='lat' dir='ltr'><strong>rationem</strong></span> <span class='ocrx_word' id='word_1_66' title='bbox 574 1329 722 1422; x_wconf 79' lang='lat' dir='ltr'><strong>integrae</strong></span> <span class='ocrx_word' id='word_1_67' title='bbox 738 1351 810 1422; x_wconf 87' lang='lat' dir='ltr'><strong>pree</strong></span> <span class='ocrx_word' id='word_1_68' title='bbox 828 1351 865 1398; x_wconf 87' lang='lat' dir='ltr'><strong>se</strong></span> <span class='ocrx_word' id='word_1_69' title='bbox 884 1329 1015 1398; x_wconf 85' lang='lat' dir='ltr'><strong>ferunt.</strong></span> 
     </span>
    </p>

    <p class='ocr_par' dir='ltr' id='par_1_3' title="bbox 157 1440 1267 2564">
     <span class='ocr_line' id='line_1_10' title="bbox 208 1440 1266 1536; baseline 0.003 -26"><span class='ocrx_word' id='word_1_70' title='bbox 208 1440 264 1513; x_wconf 85' lang='lat' dir='ltr'><strong>At</strong></span> <span class='ocrx_word' id='word_1_71' title='bbox 288 1443 393 1536; x_wconf 87' lang='lat' dir='ltr'><strong>primi</strong></span> <span class='ocrx_word' id='word_1_72' title='bbox 420 1452 458 1514; x_wconf 95' lang='lat' dir='ltr'><strong>et</strong></span> <span class='ocrx_word' id='word_1_73' title='bbox 483 1443 718 1536; x_wconf 83' lang='lat' dir='ltr'><strong>antiquissimi</strong></span> <span class='ocrx_word' id='word_1_74' title='bbox 745 1445 904 1515; x_wconf 89' lang='lat' dir='ltr'><strong>veritatis</strong></span> <span class='ocrx_word' id='word_1_75' title='bbox 931 1444 1167 1536; x_wconf 84' lang='lat' dir='ltr'><strong>inquisitores,</strong></span> <span class='ocrx_word' id='word_1_76' title='bbox 1188 1464 1266 1513; x_wconf 90' lang='lat' dir='ltr'><strong>me-</strong></span> 
     </span>
     <span class='ocr_line' id='line_1_11' title="bbox 158 1557 1263 1653; baseline 0 -25"><span class='ocrx_word' id='word_1_77' title='bbox 158 1557 248 1629; x_wconf 91' lang='lat' dir='ltr'><strong>liore</strong></span> <span class='ocrx_word' id='word_1_78' title='bbox 273 1558 344 1629; x_wconf 89' lang='lat' dir='ltr'><strong>fide</strong></span> <span class='ocrx_word' id='word_1_79' title='bbox 369 1568 407 1628; x_wconf 91' lang='lat' dir='ltr'><strong>et</strong></span> <span class='ocrx_word' id='word_1_80' title='bbox 432 1559 518 1640; x_wconf 84' lang='lat' dir='ltr'><strong>fato,</strong></span> <span class='ocrx_word' id='word_1_81' title='bbox 543 1561 785 1653; x_wconf 79' lang='lat' dir='ltr'><strong>cognitionem</strong></span> <span class='ocrx_word' id='word_1_82' title='bbox 812 1560 921 1644; x_wconf 90' lang='lat' dir='ltr'><strong>illam,</strong></span> <span class='ocrx_word' id='word_1_83' title='bbox 938 1582 1046 1652; x_wconf 90' lang='lat' dir='ltr'><strong>quam</strong></span> <span class='ocrx_word' id='word_1_84' title='bbox 1072 1581 1119 1630; x_wconf 85' lang='lat' dir='ltr'><strong>ex</strong></span> <span class='ocrx_word' id='word_1_85' title='bbox 1145 1580 1263 1630; x_wconf 87' lang='lat' dir='ltr'><strong>rerum</strong></span> 
     </span>
     <span class='ocr_line' id='line_1_12' title="bbox 158 1673 1266 1768; baseline 0 -22"><span class='ocrx_word' id='word_1_86' title='bbox 158 1673 461 1768; x_wconf 83' lang='lat' dir='ltr'><strong>contemplatione</strong></span> <span class='ocrx_word' id='word_1_87' title='bbox 489 1677 688 1768; x_wconf 84' lang='lat' dir='ltr'><strong>decerpere,</strong></span> <span class='ocrx_word' id='word_1_88' title='bbox 715 1687 752 1748; x_wconf 88' lang='lat' dir='ltr'><strong>et</strong></span> <span class='ocrx_word' id='word_1_89' title='bbox 780 1678 817 1746; x_wconf 94' lang='lat' dir='ltr'><strong>in</strong></span> <span class='ocrx_word' id='word_1_90' title='bbox 845 1699 949 1748; x_wconf 91' lang='lat' dir='ltr'><strong>usum</strong></span> <span class='ocrx_word' id='word_1_91' title='bbox 976 1677 1168 1748; x_wconf 84' lang='lat' dir='ltr'><strong>recondere</strong></span> <span class='ocrx_word' id='word_1_92' title='bbox 1194 1685 1266 1746; x_wconf 88' lang='lat' dir='ltr'><strong>stu·</strong></span> 
     </span>
     <span class='ocr_line' id='line_1_13' title="bbox 159 1787 1264 1885; baseline 0.002 -25"><span class='ocrx_word' id='word_1_93' title='bbox 159 1790 374 1873; x_wconf 75' lang='lat' dir='ltr'><strong>thebestis</strong></span> <span class='ocrx_word' id='word_1_94' title='bbox 392 1787 616 1885; x_wconf 65' lang='lat' dir='ltr'><strong>aptotsmos,</strong></span> <span class='ocrx_word' id='word_1_95' title='bbox 635 1794 709 1862; x_wconf 88' lang='lat' dir='ltr'><strong>sive</strong></span> <span class='ocrx_word' id='word_1_96' title='bbox 730 1793 863 1874; x_wconf 86' lang='lat' dir='ltr'><strong>breves,</strong></span> <span class='ocrx_word' id='word_1_97' title='bbox 882 1794 1096 1885; x_wconf 88' lang='lat' dir='ltr'><strong>easdemque</strong></span> <span class='ocrx_word' id='word_1_98' title='bbox 1117 1813 1264 1885; x_wconf 86' lang='lat' dir='ltr'><strong>sparsas,</strong></span> 
     </span>
     <span class='ocr_line' id='line_1_14' title="bbox 158 1906 1264 2002; baseline 0.001 -25"><span class='ocrx_word' id='word_1_99' title='bbox 158 1931 227 1980; x_wconf 90' lang='lat' dir='ltr'><strong>nec</strong></span> <span class='ocrx_word' id='word_1_100' title='bbox 253 1907 424 1979; x_wconf 90' lang='lat' dir='ltr'><strong>methodo</strong></span> <span class='ocrx_word' id='word_1_101' title='bbox 450 1911 626 1980; x_wconf 85' lang='lat' dir='ltr'><strong>revinctas</strong></span> <span class='ocrx_word' id='word_1_102' title='bbox 650 1911 856 1990; x_wconf 87' lang='lat' dir='ltr'><strong>sententias,</strong></span> <span class='ocrx_word' id='word_1_103' title='bbox 883 1910 1056 2002; x_wconf 89' lang='lat' dir='ltr'><strong>conjicere</strong></span> <span class='ocrx_word' id='word_1_104' title='bbox 1082 1906 1264 1991; x_wconf 88' lang='lat' dir='ltr'><strong>solebant;</strong></span> 
     </span>
     <span class='ocr_line' id='line_1_15' title="bbox 158 2024 1265 2118; baseline 0 -24"><span class='ocrx_word' id='word_1_105' title='bbox 158 2047 277 2116; x_wconf 92' lang='lat' dir='ltr'><strong>neque</strong></span> <span class='ocrx_word' id='word_1_106' title='bbox 301 2047 341 2096; x_wconf 89' lang='lat' dir='ltr'><strong>se</strong></span> <span class='ocrx_word' id='word_1_107' title='bbox 365 2036 480 2096; x_wconf 90' lang='lat' dir='ltr'><strong>artem</strong></span> <span class='ocrx_word' id='word_1_108' title='bbox 505 2026 704 2096; x_wconf 85' lang='lat' dir='ltr'><strong>universam</strong></span> <span class='ocrx_word' id='word_1_109' title='bbox 733 2025 922 2118; x_wconf 90' lang='lat' dir='ltr'><strong>complecti</strong></span> <span class='ocrx_word' id='word_1_110' title='bbox 950 2024 1176 2110; x_wconf 88' lang='lat' dir='ltr'><strong>simulabant,</strong></span> <span class='ocrx_word' id='word_1_111' title='bbox 1201 2033 1265 2094; x_wconf 92' lang='lat' dir='ltr'><strong>aut</strong></span> 
     </span>
     <span class='ocr_line' id='line_1_16' title="bbox 158 2139 1265 2238; baseline -0.003 -28"><span class='ocrx_word' id='word_1_112' title='bbox 158 2140 430 2238; x_wconf 83' lang='lat' dir='ltr'><strong>profitebantur.</strong></span> <span class='ocrx_word' id='word_1_113' title='bbox 480 2139 533 2210; x_wconf 91' lang='lat' dir='ltr'><strong>At</strong></span> <span class='ocrx_word' id='word_1_114' title='bbox 557 2163 600 2210; x_wconf 90' lang='lat' dir='ltr'><strong>eo</strong></span> <span class='ocrx_word' id='word_1_115' title='bbox 622 2164 692 2233; x_wconf 91' lang='lat' dir='ltr'><strong>quo</strong></span> <span class='ocrx_word' id='word_1_116' title='bbox 718 2165 815 2212; x_wconf 92' lang='lat' dir='ltr'><strong>nunc</strong></span> <span class='ocrx_word' id='word_1_117' title='bbox 841 2164 896 2210; x_wconf 89' lang='lat' dir='ltr'><strong>res</strong></span> <span class='ocrx_word' id='word_1_118' title='bbox 921 2142 1041 2234; x_wconf 86' lang='lat' dir='ltr'><strong>agitur</strong></span> <span class='ocrx_word' id='word_1_119' title='bbox 1064 2140 1181 2220; x_wconf 91' lang='lat' dir='ltr'><strong>modo,</strong></span> <span class='ocrx_word' id='word_1_120' title='bbox 1198 2139 1265 2208; x_wconf 92' lang='lat' dir='ltr'><strong>mi-</strong></span> 
     </span>
     <span class='ocr_line' id='line_1_17' title="bbox 158 2257 1267 2347; baseline -0.004 -19"><span class='ocrx_word' id='word_1_121' title='bbox 158 2258 258 2328; x_wconf 88' lang='lat' dir='ltr'><strong>nime</strong></span> <span class='ocrx_word' id='word_1_122' title='bbox 275 2257 406 2328; x_wconf 89' lang='lat' dir='ltr'><strong>mirum</strong></span> <span class='ocrx_word' id='word_1_123' title='bbox 428 2265 493 2341; x_wconf 87' lang='lat' dir='ltr'><strong>est,</strong></span> <span class='ocrx_word' id='word_1_124' title='bbox 512 2259 541 2328; x_wconf 90' lang='lat' dir='ltr'><strong>si</strong></span> <span class='ocrx_word' id='word_1_125' title='bbox 565 2258 726 2329; x_wconf 86' lang='lat' dir='ltr'><strong>homines</strong></span> <span class='ocrx_word' id='word_1_126' title='bbox 751 2259 787 2327; x_wconf 91' lang='lat' dir='ltr'><strong>in</strong></span> <span class='ocrx_word' id='word_1_127' title='bbox 813 2259 855 2328; x_wconf 88' lang='lat' dir='ltr'><strong>iis</strong></span> <span class='ocrx_word' id='word_1_128' title='bbox 881 2257 1051 2328; x_wconf 89' lang='lat' dir='ltr'><strong>ulteriora</strong></span> <span class='ocrx_word' id='word_1_129' title='bbox 1072 2278 1145 2327; x_wconf 90' lang='lat' dir='ltr'><strong>non</strong></span> <span class='ocrx_word' id='word_1_130' title='bbox 1167 2277 1267 2347; x_wconf 84' lang='lat' dir='ltr'><strong>quae-</strong></span> 
     </span>
     <span class='ocr_line' id='line_1_18' title="bbox 158 2372 1264 2467; baseline -0.005 -21"><span class='ocrx_word' id='word_1_131' title='bbox 158 2385 249 2457; x_wconf 85' lang='lat' dir='ltr'><strong>rant,</strong></span> <span class='ocrx_word' id='word_1_132' title='bbox 281 2397 360 2466; x_wconf 84' lang='lat' dir='ltr'><strong>quaa</strong></span> <span class='ocrx_word' id='word_1_133' title='bbox 391 2397 454 2466; x_wconf 91' lang='lat' dir='ltr'><strong>pro</strong></span> <span class='ocrx_word' id='word_1_134' title='bbox 488 2373 656 2467; x_wconf 84' lang='lat' dir='ltr'><strong>perfectis</strong></span> <span class='ocrx_word' id='word_1_135' title='bbox 690 2385 727 2444; x_wconf 89' lang='lat' dir='ltr'><strong>et</strong></span> <span class='ocrx_word' id='word_1_136' title='bbox 761 2373 916 2444; x_wconf 88' lang='lat' dir='ltr'><strong>numeris</strong></span> <span class='ocrx_word' id='word_1_137' title='bbox 950 2372 1022 2444; x_wconf 91' lang='lat' dir='ltr'><strong>suis</strong></span> <span class='ocrx_word' id='word_1_138' title='bbox 1049 2372 1264 2465; x_wconf 89' lang='lat' dir='ltr'><strong>jampridem</strong></span> 
     </span>
     <span class='ocr_line' id='line_1_19' title="bbox 157 2491 551 2564; baseline -0.008 0"><span class='ocrx_word' id='word_1_139' title='bbox 157 2491 332 2564; x_wconf 77' lang='lat' dir='ltr'><strong>absolutis</strong></span> <span class='ocrx_word' id='word_1_140' title='bbox 353 2491 551 2562; x_wconf 90' lang='lat' dir='ltr'><strong>traduntur.</strong></span> 
     </span>
    </p>

    <p class='ocr_par' dir='ltr' id='par_1_4' title="bbox 591 2606 835 2681">
     <span class='ocr_line' id='line_1_20' title="bbox 591 2606 835 2681; baseline 0.012 -3"><span class='ocrx_word' id='word_1_141' title='bbox 591 2606 835 2681; x_wconf 81' lang='lat' dir='ltr'>LXXXVII.</span> 
     </span>
    </p>

    <p class='ocr_par' dir='ltr' id='par_1_5' title="bbox 157 2723 1266 3283">
     <span class='ocr_line' id='line_1_21' title="bbox 210 2723 1265 2818; baseline -0.003 -22"><span class='ocrx_word' id='word_1_142' title='bbox 210 2724 332 2796; x_wconf 87' lang='lat' dir='ltr'><strong>Etiam</strong></span> <span class='ocrx_word' id='word_1_143' title='bbox 352 2725 500 2816; x_wconf 88' lang='lat' dir='ltr'><strong>antiqua</strong></span> <span class='ocrx_word' id='word_1_144' title='bbox 519 2747 688 2818; x_wconf 85' lang='lat' dir='ltr'><strong>magnum</strong></span> <span class='ocrx_word' id='word_1_145' title='bbox 707 2725 978 2796; x_wconf 83' lang='lat' dir='ltr'><strong>existimationis</strong></span> <span class='ocrx_word' id='word_1_146' title='bbox 997 2732 1035 2794; x_wconf 91' lang='lat' dir='ltr'><strong>et</strong></span> <span class='ocrx_word' id='word_1_147' title='bbox 1052 2723 1134 2795; x_wconf 87' lang='lat' dir='ltr'><strong>fidei</strong></span> <span class='ocrx_word' id='word_1_148' title='bbox 1152 2724 1265 2794; x_wconf 88' lang='lat' dir='ltr'><strong>incre·</strong></span> 
     </span>
     <span class='ocr_line' id='line_1_22' title="bbox 157 2839 1265 2933; baseline -0.005 -19"><span class='ocrx_word' id='word_1_149' title='bbox 157 2851 324 2914; x_wconf 86' lang='lat' dir='ltr'><strong>mentum</strong></span> <span class='ocrx_word' id='word_1_150' title='bbox 347 2849 560 2933; x_wconf 88' lang='lat' dir='ltr'><strong>acceperunt</strong></span> <span class='ocrx_word' id='word_1_151' title='bbox 584 2865 631 2912; x_wconf 89' lang='lat' dir='ltr'><strong>ex</strong></span> <span class='ocrx_word' id='word_1_152' title='bbox 654 2864 777 2913; x_wconf 89' lang='lat' dir='ltr'><strong>eorum</strong></span> <span class='ocrx_word' id='word_1_153' title='bbox 796 2842 954 2913; x_wconf 89' lang='lat' dir='ltr'><strong>vanitate</strong></span> <span class='ocrx_word' id='word_1_154' title='bbox 973 2849 1011 2913; x_wconf 91' lang='lat' dir='ltr'><strong>et</strong></span> <span class='ocrx_word' id='word_1_155' title='bbox 1028 2839 1185 2923; x_wconf 84' lang='lat' dir='ltr'><strong>levitate,</strong></span> <span class='ocrx_word' id='word_1_156' title='bbox 1203 2839 1265 2932; x_wconf 93' lang='lat' dir='ltr'><strong>qui</strong></span> 
     </span>
     <span class='ocr_line' id='line_1_23' title="bbox 158 2955 1265 3051; baseline -0.003 -21"><span class='ocrx_word' id='word_1_157' title='bbox 158 2981 252 3030; x_wconf 91' lang='lat' dir='ltr'><strong>nova</strong></span> <span class='ocrx_word' id='word_1_158' title='bbox 268 2966 548 3051; x_wconf 81' lang='lat' dir='ltr'><strong>proposuerunt3</strong></span> <span class='ocrx_word' id='word_1_159' title='bbox 574 2959 765 3050; x_wconf 76' lang='lat' dir='ltr'><strong>prasertim</strong></span> <span class='ocrx_word' id='word_1_160' title='bbox 784 2960 822 3029; x_wconf 94' lang='lat' dir='ltr'><strong>in</strong></span> <span class='ocrx_word' id='word_1_161' title='bbox 845 2956 1077 3051; x_wconf 88' lang='lat' dir='ltr'><strong>philosophiae</strong></span> <span class='ocrx_word' id='word_1_162' title='bbox 1095 2955 1265 3028; x_wconf 88' lang='lat' dir='ltr'><strong>naturalis</strong></span> 
     </span>
     <span class='ocr_line' id='line_1_24' title="bbox 157 3072 1266 3169; baseline -0.004 -23"><span class='ocrx_word' id='word_1_163' title='bbox 157 3083 261 3169; x_wconf 89' lang='lat' dir='ltr'><strong>parte</strong></span> <span class='ocrx_word' id='word_1_164' title='bbox 284 3076 400 3146; x_wconf 86' lang='lat' dir='ltr'><strong>activa</strong></span> <span class='ocrx_word' id='word_1_165' title='bbox 423 3087 462 3146; x_wconf 89' lang='lat' dir='ltr'><strong>et</strong></span> <span class='ocrx_word' id='word_1_166' title='bbox 484 3076 673 3167; x_wconf 87' lang='lat' dir='ltr'><strong>operativa.</strong></span> <span class='ocrx_word' id='word_1_167' title='bbox 728 3074 860 3167; x_wconf 88' lang='lat' dir='ltr'><strong>Neque</strong></span> <span class='ocrx_word' id='word_1_168' title='bbox 879 3077 973 3146; x_wconf 84' lang='lat' dir='ltr'><strong>eninr</strong></span> <span class='ocrx_word' id='word_1_169' title='bbox 992 3074 1185 3144; x_wconf 84' lang='lat' dir='ltr'><strong>defuerunt</strong></span> <span class='ocrx_word' id='word_1_170' title='bbox 1201 3072 1266 3143; x_wconf 92' lang='lat' dir='ltr'><strong>ho-</strong></span> 
     </span>
     <span class='ocr_line' id='line_1_25' title="bbox 158 3188 1266 3283; baseline -0.004 -21"><span class='ocrx_word' id='word_1_171' title='bbox 158 3192 275 3262; x_wconf 88' lang='lat' dir='ltr'><strong>mines</strong></span> <span class='ocrx_word' id='word_1_172' title='bbox 299 3189 475 3281; x_wconf 87' lang='lat' dir='ltr'><strong>vaniloqui</strong></span> <span class='ocrx_word' id='word_1_173' title='bbox 502 3198 541 3260; x_wconf 91' lang='lat' dir='ltr'><strong>et</strong></span> <span class='ocrx_word' id='word_1_174' title='bbox 566 3191 789 3283; x_wconf 85' lang='lat' dir='ltr'><strong>phantastici,</strong></span> <span class='ocrx_word' id='word_1_175' title='bbox 808 3192 867 3283; x_wconf 90' lang='lat' dir='ltr'><strong>qui</strong></span> <span class='ocrx_word' id='word_1_176' title='bbox 891 3191 1019 3283; x_wconf 89' lang='lat' dir='ltr'><strong>partim</strong></span> <span class='ocrx_word' id='word_1_177' title='bbox 1044 3211 1092 3260; x_wconf 85' lang='lat' dir='ltr'><strong>ex</strong></span> <span class='ocrx_word' id='word_1_178' title='bbox 1115 3188 1266 3259; x_wconf 85' lang='lat' dir='ltr'><strong>creduli·</strong></span> 
     </span>
    </p>
   </div>
   <div class='ocr_carea' id='block_1_3' title="bbox 157 3303 1266 3856">
    <p class='ocr_par' dir='ltr' id='par_1_6' title="bbox 157 3303 1266 3856">
     <span class='ocr_line' id='line_1_26' title="bbox 158 3303 1264 3401; baseline -0.005 -21"><span class='ocrx_word' id='word_1_179' title='bbox 158 3318 247 3390; x_wconf 88' lang='lat' dir='ltr'><strong>tate,</strong></span> <span class='ocrx_word' id='word_1_180' title='bbox 270 3309 400 3401; x_wconf 86' lang='lat' dir='ltr'><strong>purtim</strong></span> <span class='ocrx_word' id='word_1_181' title='bbox 426 3331 473 3378; x_wconf 86' lang='lat' dir='ltr'><strong>ex</strong></span> <span class='ocrx_word' id='word_1_182' title='bbox 498 3308 704 3399; x_wconf 82' lang='lat' dir='ltr'><strong>impostura,</strong></span> <span class='ocrx_word' id='word_1_183' title='bbox 727 3329 840 3400; x_wconf 88' lang='lat' dir='ltr'><strong>genus</strong></span> <span class='ocrx_word' id='word_1_184' title='bbox 866 3305 1060 3375; x_wconf 90' lang='lat' dir='ltr'><strong>humanum</strong></span> <span class='ocrx_word' id='word_1_185' title='bbox 1088 3303 1264 3396; x_wconf 88' lang='lat' dir='ltr'><strong>promissis</strong></span> 
     </span>
     <span class='ocr_line' id='line_1_27' title="bbox 159 3420 1266 3518; baseline -0.005 -23"><span class='ocrx_word' id='word_1_186' title='bbox 159 3433 372 3496; x_wconf 85' lang='lat' dir='ltr'><strong>onerarunt:</strong></span> <span class='ocrx_word' id='word_1_187' title='bbox 398 3424 480 3494; x_wconf 80' lang='lat' dir='ltr'><strong>vitae</strong></span> <span class='ocrx_word' id='word_1_188' title='bbox 502 3423 817 3518; x_wconf 87' lang='lat' dir='ltr'><strong>prolongationem,</strong></span> <span class='ocrx_word' id='word_1_189' title='bbox 840 3422 1034 3495; x_wconf 86' lang='lat' dir='ltr'><strong>senectutis</strong></span> <span class='ocrx_word' id='word_1_190' title='bbox 1057 3420 1266 3492; x_wconf 88' lang='lat' dir='ltr'><strong>retardatio-</strong></span> 
     </span>
     <span class='ocr_line' id='line_1_28' title="bbox 158 3537 1265 3630; baseline -0.002 -20"><span class='ocrx_word' id='word_1_191' title='bbox 158 3563 254 3624; x_wconf 90' lang='lat' dir='ltr'><strong>nem,</strong></span> <span class='ocrx_word' id='word_1_192' title='bbox 272 3539 434 3610; x_wconf 89' lang='lat' dir='ltr'><strong>dolorum</strong></span> <span class='ocrx_word' id='word_1_193' title='bbox 459 3538 685 3620; x_wconf 86' lang='lat' dir='ltr'><strong>levationem,</strong></span> <span class='ocrx_word' id='word_1_194' title='bbox 703 3539 918 3610; x_wconf 86' lang='lat' dir='ltr'><strong>naturalium</strong></span> <span class='ocrx_word' id='word_1_195' title='bbox 938 3537 1145 3609; x_wconf 84' lang='lat' dir='ltr'><strong>defectuum</strong></span> <span class='ocrx_word' id='word_1_196' title='bbox 1166 3559 1265 3630; x_wconf 89' lang='lat' dir='ltr'><strong>repa·</strong></span> 
     </span>
     <span class='ocr_line' id='line_1_29' title="bbox 157 3636 1265 3748; baseline 0 -22"><span class='ocrx_word' id='word_1_197' title='bbox 157 3636 345 3738; x_wconf 85' lang='lat' dir='ltr'><strong>rationem,</strong></span> <span class='ocrx_word' id='word_1_198' title='bbox 363 3677 530 3726; x_wconf 86' lang='lat' dir='ltr'><strong>sensuum</strong></span> <span class='ocrx_word' id='word_1_199' title='bbox 548 3657 783 3748; x_wconf 87' lang='lat' dir='ltr'><strong>deceptiones,</strong></span> <span class='ocrx_word' id='word_1_200' title='bbox 801 3655 994 3727; x_wconf 87' lang='lat' dir='ltr'><strong>affectuum</strong></span> <span class='ocrx_word' id='word_1_201' title='bbox 1018 3653 1204 3748; x_wconf 84' lang='lat' dir='ltr'><strong>ligationes</strong></span> <span class='ocrx_word' id='word_1_202' title='bbox 1226 3661 1265 3726; x_wconf 91' lang='lat' dir='ltr'><strong>et</strong></span> 
     </span>
     <span class='ocr_line' id='line_1_30' title="bbox 159 3767 1265 3856; baseline 0.002 -14"><span class='ocrx_word' id='word_1_203' title='bbox 159 3767 435 3856; x_wconf 58' lang='lat' dir='ltr'><strong>incitationesffl,</strong></span> <span class='ocrx_word' id='word_1_204' title='bbox 465 3771 764 3842; x_wconf 87' lang='lat' dir='ltr'><strong>intellectualium</strong></span> <span class='ocrx_word' id='word_1_205' title='bbox 795 3771 1005 3844; x_wconf 85' lang='lat' dir='ltr'><strong>facultatum</strong></span> <span class='ocrx_word' id='word_1_206' title='bbox 1035 3772 1265 3844; x_wconf 88' lang='lat' dir='ltr'><strong>illuminatio-</strong></span> 
     </span>
    </p>
   </div>
   <div class='ocr_carea' id='block_1_4' title="bbox 158 3984 1268 4452">
    <p class='ocr_par' dir='ltr' id='par_1_7' title="bbox 158 3984 1268 4452">
     <span class='ocr_line' id='line_1_31' title="bbox 194 3984 1268 4059; baseline 0.004 -19"><span class='ocrx_word' id='word_1_207' title='bbox 194 3985 221 4027; x_wconf 60' lang='grc' dir='ltr'>θ</span> <span class='ocrx_word' id='word_1_208' title='bbox 236 3986 304 4041; x_wconf 88' lang='lat' dir='ltr'><strong>&#39;I&#39;his</strong></span> <span class='ocrx_word' id='word_1_209' title='bbox 320 3984 410 4040; x_wconf 80' lang='lat' dir='ltr'><strong>would</strong></span> <span class='ocrx_word' id='word_1_210' title='bbox 428 3985 492 4041; x_wconf 89' lang='lat' dir='ltr'><strong>hold</strong></span> <span class='ocrx_word' id='word_1_211' title='bbox 510 3987 648 4058; x_wconf 81' lang='lat' dir='ltr'><strong>especially</strong></span> <span class='ocrx_word' id='word_1_212' title='bbox 664 3986 695 4041; x_wconf 82' lang='lat' dir='ltr'><strong>oi</strong></span> <span class='ocrx_word' id='word_1_213' title='bbox 769 3985 877 4042; x_wconf 79' lang='lat' dir='ltr'><strong>⁹⁰&#39;&#39;l&#39;hie</strong></span> <span class='ocrx_word' id='word_1_214' title='bbox 893 3989 1024 4059; x_wconf 76' lang='lat' dir='ltr'><strong>languege</strong></span> <span class='ocrx_word' id='word_1_215' title='bbox 1041 3986 1158 4044; x_wconf 83' lang='lat' dir='ltr'><strong>reminds</strong></span> <span class='ocrx_word' id='word_1_216' title='bbox 1172 4005 1224 4044; x_wconf 86' lang='lat' dir='ltr'><strong>oue</strong></span> <span class='ocrx_word' id='word_1_217' title='bbox 1237 3989 1268 4044; x_wconf 85' lang='lat' dir='ltr'><strong>ol</strong></span> 
     </span>
     <span class='ocr_line' id='line_1_32' title="bbox 158 4063 1264 4138; baseline -0.002 -16"><span class='ocrx_word' id='word_1_218' title='bbox 158 4065 205 4122; x_wconf 84' lang='lat' dir='ltr'><strong>the</strong></span> <span class='ocrx_word' id='word_1_219' title='bbox 228 4064 304 4120; x_wconf 85' lang='lat' dir='ltr'><strong>older</strong></span> <span class='ocrx_word' id='word_1_220' title='bbox 330 4063 470 4120; x_wconf 86' lang='lat' dir='ltr'><strong>deductiva</strong></span> <span class='ocrx_word' id='word_1_221' title='bbox 497 4075 611 4136; x_wconf 70' lang='lat' dir='ltr'><strong>system</strong></span> <span class='ocrx_word' id='word_1_222' title='bbox 643 4064 693 4119; x_wconf 84' lang='lat' dir='ltr'><strong>hut</strong></span> <span class='ocrx_word' id='word_1_223' title='bbox 734 4066 949 4138; x_wconf 78' lang='lat' dir='ltr'><strong>Electrohiology</strong></span> <span class='ocrx_word' id='word_1_224' title='bbox 963 4065 1017 4120; x_wconf 86' lang='lat' dir='ltr'><strong>and</strong></span> <span class='ocrx_word' id='word_1_225' title='bbox 1033 4066 1110 4121; x_wconf 88' lang='lat' dir='ltr'><strong>other</strong></span> <span class='ocrx_word' id='word_1_226' title='bbox 1128 4065 1264 4121; x_wconf 85' lang='lat' dir='ltr'><strong>delusione</strong></span> 
     </span>
     <span class='ocr_line' id='line_1_33' title="bbox 159 4143 1266 4216; baseline -0.003 -15"><span class='ocrx_word' id='word_1_227' title='bbox 159 4145 216 4200; x_wconf 80' lang='lat' dir='ltr'><strong>aleo</strong></span> <span class='ocrx_word' id='word_1_228' title='bbox 229 4145 261 4200; x_wconf 85' lang='lat' dir='ltr'><strong>ol</strong></span> <span class='ocrx_word' id='word_1_229' title='bbox 274 4143 321 4198; x_wconf 87' lang='lat' dir='ltr'><strong>the</strong></span> <span class='ocrx_word' id='word_1_230' title='bbox 332 4143 465 4198; x_wconf 86' lang='lat' dir='ltr'><strong>universal</strong></span> <span class='ocrx_word' id='word_1_231' title='bbox 477 4161 616 4214; x_wconf 78' lang='lat' dir='ltr'><strong>sagerness</strong></span> <span class='ocrx_word' id='word_1_232' title='bbox 628 4143 694 4200; x_wconf 83' lang='lat' dir='ltr'><strong>alter</strong></span> <span class='ocrx_word' id='word_1_233' title='bbox 733 4145 896 4200; x_wconf 81' lang='lat' dir='ltr'><strong>elmodam</strong></span> <span class='ocrx_word' id='word_1_234' title='bbox 921 4145 995 4216; x_wconf 86' lang='lat' dir='ltr'><strong>days.</strong></span> <span class='ocrx_word' id='word_1_235' title='bbox 1039 4145 1097 4199; x_wconf 86' lang='lat' dir='ltr'><strong>The</strong></span> <span class='ocrx_word' id='word_1_236' title='bbox 1122 4143 1266 4199; x_wconf 85' lang='lat' dir='ltr'><strong>interested</strong></span> 
     </span>
     <span class='ocr_line' id='line_1_34' title="bbox 159 4221 1266 4296; baseline -0.003 -17"><span class='ocrx_word' id='word_1_237' title='bbox 159 4241 176 4279; x_wconf 85' lang='lat' dir='ltr'><strong>a</strong></span> <span class='ocrx_word' id='word_1_238' title='bbox 193 4223 293 4295; x_wconf 84' lang='lat' dir='ltr'><strong>perlect</strong></span> <span class='ocrx_word' id='word_1_239' title='bbox 311 4222 422 4286; x_wconf 88' lang='lat' dir='ltr'><strong>outline,</strong></span> <span class='ocrx_word' id='word_1_240' title='bbox 435 4222 522 4277; x_wconf 83' lang='lat' dir='ltr'><strong>which</strong></span> <span class='ocrx_word' id='word_1_241' title='bbox 540 4222 613 4278; x_wconf 86' lang='lat' dir='ltr'><strong>leads</strong></span> <span class='ocrx_word' id='word_1_242' title='bbox 631 4239 693 4278; x_wconf 89' lang='lat' dir='ltr'><strong>meu</strong></span> <span class='ocrx_word' id='word_1_243' title='bbox 733 4224 952 4294; x_wconf 83' lang='lat' dir='ltr'><strong>generahaatione</strong></span> <span class='ocrx_word' id='word_1_244' title='bbox 964 4224 994 4278; x_wconf 84' lang='lat' dir='ltr'><strong>ol</strong></span> <span class='ocrx_word' id='word_1_245' title='bbox 1004 4223 1104 4296; x_wconf 88' lang='lat' dir='ltr'><strong>quachs</strong></span> <span class='ocrx_word' id='word_1_246' title='bbox 1117 4221 1183 4276; x_wconf 86' lang='lat' dir='ltr'><strong>have</strong></span> <span class='ocrx_word' id='word_1_247' title='bbox 1196 4221 1266 4276; x_wconf 87' lang='lat' dir='ltr'><strong>done</strong></span> 
     </span>
     <span class='ocr_line' id='line_1_35' title="bbox 159 4300 1266 4374; baseline -0.002 -16"><span class='ocrx_word' id='word_1_248' title='bbox 159 4311 188 4358; x_wconf 82' lang='lat' dir='ltr'><strong>to</strong></span> <span class='ocrx_word' id='word_1_249' title='bbox 203 4301 300 4358; x_wconf 83' lang='lat' dir='ltr'><strong>sketch</strong></span> <span class='ocrx_word' id='word_1_250' title='bbox 318 4308 367 4356; x_wconf 85' lang='lat' dir='ltr'><strong>out</strong></span> <span class='ocrx_word' id='word_1_251' title='bbox 383 4300 453 4356; x_wconf 81' lang='lat' dir='ltr'><strong>what</strong></span> <span class='ocrx_word' id='word_1_252' title='bbox 469 4301 532 4374; x_wconf 84' lang='lat' dir='ltr'><strong>they</strong></span> <span class='ocrx_word' id='word_1_253' title='bbox 543 4313 641 4357; x_wconf 86' lang='lat' dir='ltr'><strong>canunt</strong></span> <span class='ocrx_word' id='word_1_254' title='bbox 656 4302 694 4356; x_wconf 91' lang='lat' dir='ltr'><strong>lill</strong></span> <span class='ocrx_word' id='word_1_255' title='bbox 733 4302 816 4358; x_wconf 87' lang='lat' dir='ltr'><strong>much</strong></span> <span class='ocrx_word' id='word_1_256' title='bbox 827 4313 856 4357; x_wconf 85' lang='lat' dir='ltr'><strong>to</strong></span> <span class='ocrx_word' id='word_1_257' title='bbox 868 4303 979 4374; x_wconf 76' lang='lat' dir='ltr'><strong>damage</strong></span> <span class='ocrx_word' id='word_1_258' title='bbox 992 4303 1036 4357; x_wconf 88' lang='lat' dir='ltr'><strong>the</strong></span> <span class='ocrx_word' id='word_1_259' title='bbox 1048 4310 1141 4372; x_wconf 86' lang='lat' dir='ltr'><strong>repnte</strong></span> <span class='ocrx_word' id='word_1_260' title='bbox 1153 4300 1183 4354; x_wconf 83' lang='lat' dir='ltr'><strong>ol</strong></span> <span class='ocrx_word' id='word_1_261' title='bbox 1192 4317 1266 4356; x_wconf 80' lang='lat' dir='ltr'><strong>more</strong></span> 
     </span>
     <span class='ocr_line' id='line_1_36' title="bbox 159 4377 1265 4452; baseline -0.004 -16"><span class='ocrx_word' id='word_1_262' title='bbox 159 4399 204 4452; x_wconf 90' lang='lat' dir='ltr'><strong>up.</strong></span> <span class='ocrx_word' id='word_1_263' title='bbox 734 4379 1138 4451; x_wconf 83' lang='lat' dir='ltr'><strong>thauonebrancholPhysical</strong></span> <span class='ocrx_word' id='word_1_264' title='bbox 1147 4377 1265 4432; x_wconf 85' lang='lat' dir='ltr'><strong>Science.</strong></span> 
     </span>
    </p>
   </div>
   <div class='ocr_carea' id='block_1_5' title="bbox 776 4492 799 4541">
    <p class='ocr_par' dir='ltr' id='par_1_8' title="bbox 776 4492 799 4541">
     <span class='ocr_line' id='line_1_37' title="bbox 776 4492 799 4541; baseline 0 0"><span class='ocrx_word' id='word_1_265' title='bbox 776 4492 799 4541; x_wconf 87' lang='lat' dir='ltr'>G</span> 
     </span>
    </p>
   </div>
   <div class='ocr_carea' id='block_1_6' title="bbox 0 0 1618 5148">
    <p class='ocr_par' dir='ltr' id='par_1_9' title="bbox 0 0 1618 5148">
     <span class='ocr_line' id='line_1_38' title="bbox 0 0 1618 5148; baseline 0 0"><span class='ocrx_word' id='word_1_266' title='bbox 0 0 1618 5148; x_wconf 95' lang='lat' dir='ltr'><strong> </strong></span> 
     </span>
    </p>
   </div>
  </div>
 </body>
</html>
