<?xml version="1.0" encoding="UTF-8"?>
<!DOCTYPE html PUBLIC "-//W3C//DTD XHTML 1.0 Transitional//EN"
    "http://www.w3.org/TR/xhtml1/DTD/xhtml1-transitional.dtd">
<html xmlns="http://www.w3.org/1999/xhtml" xml:lang="en" lang="en">
 <head>
  <title>
</title>
<meta http-equiv="Content-Type" content="text/html;charset=utf-8" />
  <meta name='ocr-system' content='tesseract 3.04.00' />
  <meta name='ocr-capabilities' content='ocr_page ocr_carea ocr_par ocr_line ocrx_word'/>
</head>
<body>
  <div class='ocr_page' id='page_1' title='image "./franciscibaconi01kitcgoog_0293.png"; bbox 0 0 3268 5146; ppageno 0'>
   <div class='ocr_carea' id='block_1_1' title="bbox 344 311 1112 379">
    <p class='ocr_par' dir='ltr' id='par_1_1' title="bbox 344 311 1112 379">
     <span class='ocr_line' id='line_1_1' title="bbox 344 311 1112 379; baseline -0.003 -3"><span class='ocrx_word' id='word_1_1' title='bbox 344 313 409 379; x_wconf 76' lang='lat'>264</span> <span class='ocrx_word' id='word_1_2' title='bbox 671 312 841 377; x_wconf 86' lang='lat' dir='ltr'><strong>NOVUM</strong></span> <span class='ocrx_word' id='word_1_3' title='bbox 862 311 1112 376; x_wconf 83' lang='lat' dir='ltr'>ORGANUM.</span> 
     </span>
    </p>
   </div>
   <div class='ocr_carea' id='block_1_2' title="bbox 344 475 1456 2552">
    <p class='ocr_par' dir='ltr' id='par_1_2' title="bbox 344 475 1456 2552">
     <span class='ocr_line' id='line_1_2' title="bbox 344 475 1452 571; baseline -0.005 -19"><span class='ocrx_word' id='word_1_4' title='bbox 344 483 461 552; x_wconf 85' lang='lat' dir='ltr'>verius</span> <span class='ocrx_word' id='word_1_5' title='bbox 477 480 514 550; x_wconf 93' lang='lat' dir='ltr'>in</span> <span class='ocrx_word' id='word_1_6' title='bbox 531 486 668 562; x_wconf 86' lang='lat' dir='ltr'>natura,</span> <span class='ocrx_word' id='word_1_7' title='bbox 687 499 795 570; x_wconf 90' lang='lat' dir='ltr'>qnam</span> <span class='ocrx_word' id='word_1_8' title='bbox 816 477 1009 569; x_wconf 81' lang='lat' dir='ltr'>propositio</span> <span class='ocrx_word' id='word_1_9' title='bbox 1025 475 1088 548; x_wconf 86' lang='lat' dir='ltr'>illa</span> <span class='ocrx_word' id='word_1_10' title='bbox 1109 476 1287 571; x_wconf 79' lang='lat' dir='ltr'>gemelln;</span> <span class='ocrx_word' id='word_1_11' title='bbox 1315 475 1379 548; x_wconf 76' lang='lat' dir='ltr'>Er</span> <span class='ocrx_word' id='word_1_12' title='bbox 1395 477 1452 546; x_wconf 81' lang='lat' dir='ltr'>ai·</span> 
     </span>
     <span class='ocr_line' id='line_1_3' title="bbox 345 589 1449 691; baseline -0.004 -25"><span class='ocrx_word' id='word_1_13' title='bbox 345 593 417 668; x_wconf 73' lang='lat' dir='ltr'>tiu</span> <span class='ocrx_word' id='word_1_14' title='bbox 433 592 527 666; x_wconf 73' lang='lat' dir='ltr'>nicil</span> <span class='ocrx_word' id='word_1_15' title='bbox 537 594 647 690; x_wconf 82' lang='lat' dir='ltr'>ficri.-</span> <span class='ocrx_word' id='word_1_16' title='bbox 674 616 803 686; x_wconf 84' lang='lat' dir='ltr'>neque,</span> <span class='ocrx_word' id='word_1_17' title='bbox 822 591 1014 688; x_wconf 75' lang='lat' dir='ltr'>Quicquam</span> <span class='ocrx_word' id='word_1_18' title='bbox 1040 593 1079 664; x_wconf 71' lang='grc' dir='ltr'>ἐπ</span> <span class='ocrx_word' id='word_1_19' title='bbox 1104 592 1251 666; x_wconf 68' lang='lat' dir='ltr'>nihilum</span> <span class='ocrx_word' id='word_1_20' title='bbox 1270 591 1387 691; x_wconf 73' lang='lat' dir='ltr'>rediyi</span> <span class='ocrx_word' id='word_1_21' title='bbox 1395 589 1449 662; x_wconf 83' lang='lat'>⁴¹:</span> 
     </span>
     <span class='ocr_line' id='line_1_4' title="bbox 346 709 1451 806; baseline -0.002 -22"><span class='ocrx_word' id='word_1_22' title='bbox 346 736 468 786; x_wconf 85' lang='lat' dir='ltr'>verum</span> <span class='ocrx_word' id='word_1_23' title='bbox 485 722 658 806; x_wconf 88' lang='lat' dir='ltr'>qnantum</span> <span class='ocrx_word' id='word_1_24' title='bbox 681 712 796 803; x_wconf 85' lang='lat' dir='ltr'>ipsum</span> <span class='ocrx_word' id='word_1_25' title='bbox 821 711 978 782; x_wconf 79' lang='lat' dir='ltr'>materia</span> <span class='ocrx_word' id='word_1_26' title='bbox 1003 712 1078 782; x_wconf 85' lang='lat' dir='ltr'>sivo</span> <span class='ocrx_word' id='word_1_27' title='bbox 1101 733 1277 782; x_wconf 86' lang='lat' dir='ltr'>summam</span> <span class='ocrx_word' id='word_1_28' title='bbox 1298 709 1451 782; x_wconf 86' lang='lat' dir='ltr'>totalem</span> 
     </span>
     <span class='ocr_line' id='line_1_5' title="bbox 344 827 1451 922; baseline -0.005 -19"><span class='ocrx_word' id='word_1_29' title='bbox 344 837 518 913; x_wconf 74' lang='lat' dir='ltr'>constare,</span> <span class='ocrx_word' id='word_1_30' title='bbox 535 851 602 900; x_wconf 92' lang='lat' dir='ltr'>nec</span> <span class='ocrx_word' id='word_1_31' title='bbox 623 829 744 922; x_wconf 83' lang='lat' dir='ltr'>augeri</span> <span class='ocrx_word' id='word_1_32' title='bbox 768 837 831 899; x_wconf 91' lang='lat' dir='ltr'>aut</span> <span class='ocrx_word' id='word_1_33' title='bbox 853 828 976 898; x_wconf 90' lang='lat' dir='ltr'>minui.</span> <span class='ocrx_word' id='word_1_34' title='bbox 1030 827 1112 900; x_wconf 91' lang='lat' dir='ltr'>Nec</span> <span class='ocrx_word' id='word_1_35' title='bbox 1134 828 1224 899; x_wconf 89' lang='lat' dir='ltr'>illud</span> <span class='ocrx_word' id='word_1_36' title='bbox 1246 828 1367 898; x_wconf 84' lang='lat' dir='ltr'>minus</span> <span class='ocrx_word' id='word_1_37' title='bbox 1389 849 1451 897; x_wconf 83' lang='lat' dir='ltr'>ve-</span> 
     </span>
     <span class='ocr_line' id='line_1_6' title="bbox 344 939 1451 1040; baseline -0.004 -22"><span class='ocrx_word' id='word_1_38' title='bbox 344 970 444 1033; x_wconf 90' lang='lat' dir='ltr'>rum;</span> <span class='ocrx_word' id='word_1_39' title='bbox 469 943 533 1016; x_wconf 69' lang='lat' dir='ltr'>Ec</span> <span class='ocrx_word' id='word_1_40' title='bbox 561 951 688 1039; x_wconf 66' lang='lat' dir='ltr'>puoto</span> <span class='ocrx_word' id='word_1_41' title='bbox 717 939 778 1014; x_wconf 79' lang='lat' dir='ltr'>illo</span> <span class='ocrx_word' id='word_1_42' title='bbox 808 944 964 1014; x_wconf 67' lang='lat' dir='ltr'>malma</span> <span class='ocrx_word' id='word_1_43' title='bbox 988 941 1049 1014; x_wconf 77' lang='lat' dir='ltr'>rud</span> <span class='ocrx_word' id='word_1_44' title='bbox 1076 943 1199 1016; x_wconf 68' lang='lat' dir='ltr'>iirdua</span> <span class='ocrx_word' id='word_1_45' title='bbox 1226 942 1351 1040; x_wconf 75' lang='lat' dir='ltr'>spatiis</span> <span class='ocrx_word' id='word_1_46' title='bbox 1377 942 1451 1014; x_wconf 81' lang='lat' dir='ltr'>rinc</span> 
     </span>
     <span class='ocr_line' id='line_1_7' title="bbox 345 1057 1451 1156; baseline -0.004 -22"><span class='ocrx_word' id='word_1_47' title='bbox 345 1059 623 1144; x_wconf 66' lang='lat' dir='ltr'>dimensionibus,</span> <span class='ocrx_word' id='word_1_48' title='bbox 639 1083 709 1155; x_wconf 80' lang='lat' dir='ltr'>pru</span> <span class='ocrx_word' id='word_1_49' title='bbox 734 1058 931 1132; x_wconf 75' lang='lat' dir='ltr'>diversitate</span> <span class='ocrx_word' id='word_1_50' title='bbox 955 1083 1147 1156; x_wconf 71' lang='lat' dir='ltr'>amporam,</span> <span class='ocrx_word' id='word_1_51' title='bbox 1168 1057 1252 1156; x_wconf 76' lang='lat' dir='ltr'>placa</span> <span class='ocrx_word' id='word_1_52' title='bbox 1276 1069 1308 1131; x_wconf 86' lang='lat' dir='ltr'>ct</span> <span class='ocrx_word' id='word_1_53' title='bbox 1333 1058 1451 1130; x_wconf 74' lang='lat' dir='ltr'>minas</span> 
     </span>
     <span class='ocr_line' id='line_1_8' title="bbox 346 1176 1451 1270; baseline -0.005 -18"><span class='ocrx_word' id='word_1_54' title='bbox 346 1177 516 1252; x_wconf 69' lang='lat' dir='ltr'>auiam</span> <span class='ocrx_word' id='word_1_55' title='bbox 526 1202 538 1257; x_wconf 91' lang='lat'>‚·</span> <span class='ocrx_word' id='word_1_56' title='bbox 565 1187 605 1248; x_wconf 90' lang='lat' dir='ltr'>ut</span> <span class='ocrx_word' id='word_1_57' title='bbox 631 1178 667 1248; x_wconf 92' lang='lat' dir='ltr'>in</span> <span class='ocrx_word' id='word_1_58' title='bbox 690 1200 783 1268; x_wconf 85' lang='lat' dir='ltr'>aqua</span> <span class='ocrx_word' id='word_1_59' title='bbox 804 1176 895 1270; x_wconf 88' lang='lat' dir='ltr'>plus,</span> <span class='ocrx_word' id='word_1_60' title='bbox 911 1177 949 1246; x_wconf 93' lang='lat' dir='ltr'>in</span> <span class='ocrx_word' id='word_1_61' title='bbox 970 1179 1050 1249; x_wconf 87' lang='lat' dir='ltr'>a&#39;e&#39;re</span> <span class='ocrx_word' id='word_1_62' title='bbox 1072 1179 1211 1248; x_wconf 85' lang='lat' dir='ltr'>minus:</span> <span class='ocrx_word' id='word_1_63' title='bbox 1237 1177 1327 1248; x_wconf 83' lang='lat' dir='ltr'>adeo</span> <span class='ocrx_word' id='word_1_64' title='bbox 1351 1185 1396 1246; x_wconf 90' lang='lat' dir='ltr'>nt</span> <span class='ocrx_word' id='word_1_65' title='bbox 1420 1178 1451 1247; x_wconf 80' lang='lat' dir='ltr'>si</span> 
     </span>
     <span class='ocr_line' id='line_1_9' title="bbox 345 1293 1450 1389; baseline -0.002 -23"><span class='ocrx_word' id='word_1_66' title='bbox 345 1296 425 1389; x_wconf 90' lang='lat' dir='ltr'>quis</span> <span class='ocrx_word' id='word_1_67' title='bbox 441 1303 583 1376; x_wconf 79' lang='lat' dir='ltr'><strong>asserat,</strong></span> <span class='ocrx_word' id='word_1_68' title='bbox 597 1293 741 1386; x_wconf 79' lang='lat' dir='ltr'>aliquod</span> <span class='ocrx_word' id='word_1_69' title='bbox 757 1302 969 1364; x_wconf 89' lang='lat' dir='ltr'>contentum</span> <span class='ocrx_word' id='word_1_70' title='bbox 987 1317 1086 1386; x_wconf 86' lang='lat' dir='ltr'>aqnae</span> <span class='ocrx_word' id='word_1_71' title='bbox 1103 1295 1140 1365; x_wconf 92' lang='lat' dir='ltr'>in</span> <span class='ocrx_word' id='word_1_72' title='bbox 1157 1316 1221 1386; x_wconf 85' lang='lat' dir='ltr'>par</span> <span class='ocrx_word' id='word_1_73' title='bbox 1237 1301 1450 1364; x_wconf 87' lang='lat' dir='ltr'>contentum</span> 
     </span>
     <span class='ocr_line' id='line_1_10' title="bbox 345 1409 1451 1502; baseline -0.004 -18"><span class='ocrx_word' id='word_1_74' title='bbox 345 1413 435 1484; x_wconf 83' lang='lat' dir='ltr'>aiiris</span> <span class='ocrx_word' id='word_1_75' title='bbox 463 1413 553 1483; x_wconf 85' lang='lat' dir='ltr'>verti</span> <span class='ocrx_word' id='word_1_76' title='bbox 582 1433 694 1502; x_wconf 80' lang='lat' dir='ltr'>posse,</span> <span class='ocrx_word' id='word_1_77' title='bbox 722 1409 817 1480; x_wconf 88' lang='lat' dir='ltr'>idem</span> <span class='ocrx_word' id='word_1_78' title='bbox 847 1411 894 1480; x_wconf 91' lang='lat' dir='ltr'>sit</span> <span class='ocrx_word' id='word_1_79' title='bbox 923 1433 965 1481; x_wconf 84' lang='lat' dir='ltr'>ac</span> <span class='ocrx_word' id='word_1_80' title='bbox 994 1412 1023 1482; x_wconf 84' lang='lat' dir='ltr'>si</span> <span class='ocrx_word' id='word_1_81' title='bbox 1054 1411 1159 1494; x_wconf 88' lang='lat' dir='ltr'>dicat,</span> <span class='ocrx_word' id='word_1_82' title='bbox 1182 1409 1318 1502; x_wconf 90' lang='lat' dir='ltr'>aliquid</span> <span class='ocrx_word' id='word_1_83' title='bbox 1347 1431 1451 1502; x_wconf 82' lang='lat' dir='ltr'>posse</span> 
     </span>
     <span class='ocr_line' id='line_1_11' title="bbox 346 1525 1453 1622; baseline -0.003 -23"><span class='ocrx_word' id='word_1_84' title='bbox 346 1527 458 1622; x_wconf 83' lang='lat' dir='ltr'>redigi</span> <span class='ocrx_word' id='word_1_85' title='bbox 475 1529 511 1598; x_wconf 94' lang='lat' dir='ltr'>in</span> <span class='ocrx_word' id='word_1_86' title='bbox 530 1526 701 1598; x_wconf 90' lang='lat' dir='ltr'>nihilum:</span> <span class='ocrx_word' id='word_1_87' title='bbox 728 1535 853 1597; x_wconf 91' lang='lat' dir='ltr'>contra</span> <span class='ocrx_word' id='word_1_88' title='bbox 877 1527 906 1596; x_wconf 84' lang='lat' dir='ltr'>ei</span> <span class='ocrx_word' id='word_1_89' title='bbox 932 1527 1011 1618; x_wconf 91' lang='lat' dir='ltr'>quis</span> <span class='ocrx_word' id='word_1_90' title='bbox 1036 1535 1180 1610; x_wconf 62' lang='lat' dir='ltr'>aaerat,</span> <span class='ocrx_word' id='word_1_91' title='bbox 1196 1525 1341 1619; x_wconf 89' lang='lat' dir='ltr'>aliquod</span> <span class='ocrx_word' id='word_1_92' title='bbox 1367 1547 1453 1596; x_wconf 90' lang='lat' dir='ltr'>con-</span> 
     </span>
     <span class='ocr_line' id='line_1_12' title="bbox 346 1643 1451 1736; baseline -0.002 -20"><span class='ocrx_word' id='word_1_93' title='bbox 346 1651 487 1716; x_wconf 85' lang='lat' dir='ltr'>tentum</span> <span class='ocrx_word' id='word_1_94' title='bbox 504 1643 594 1714; x_wconf 79' lang='lat' dir='ltr'>ae&#39;ris</span> <span class='ocrx_word' id='word_1_95' title='bbox 609 1643 646 1712; x_wconf 95' lang='lat' dir='ltr'>in</span> <span class='ocrx_word' id='word_1_96' title='bbox 664 1664 727 1735; x_wconf 88' lang='lat' dir='ltr'>par</span> <span class='ocrx_word' id='word_1_97' title='bbox 743 1651 953 1713; x_wconf 87' lang='lat' dir='ltr'>contentum</span> <span class='ocrx_word' id='word_1_98' title='bbox 979 1665 1079 1736; x_wconf 87' lang='lat' dir='ltr'>aqnae</span> <span class='ocrx_word' id='word_1_99' title='bbox 1097 1645 1186 1713; x_wconf 86' lang='lat' dir='ltr'>verti</span> <span class='ocrx_word' id='word_1_100' title='bbox 1204 1665 1328 1736; x_wconf 86' lang='lat' dir='ltr'>posse;</span> <span class='ocrx_word' id='word_1_101' title='bbox 1353 1643 1451 1714; x_wconf 89' lang='lat' dir='ltr'>idem</span> 
     </span>
     <span class='ocr_line' id='line_1_13' title="bbox 346 1757 1452 1852; baseline 0.002 -23"><span class='ocrx_word' id='word_1_102' title='bbox 346 1761 394 1829; x_wconf 88' lang='lat' dir='ltr'>sit</span> <span class='ocrx_word' id='word_1_103' title='bbox 410 1781 451 1829; x_wconf 85' lang='lat' dir='ltr'>ac</span> <span class='ocrx_word' id='word_1_104' title='bbox 469 1759 498 1830; x_wconf 87' lang='lat' dir='ltr'>si</span> <span class='ocrx_word' id='word_1_105' title='bbox 516 1758 621 1841; x_wconf 89' lang='lat' dir='ltr'>dicat,</span> <span class='ocrx_word' id='word_1_106' title='bbox 639 1757 773 1850; x_wconf 91' lang='lat' dir='ltr'>aliquid</span> <span class='ocrx_word' id='word_1_107' title='bbox 798 1780 898 1851; x_wconf 82' lang='lat' dir='ltr'>posse</span> <span class='ocrx_word' id='word_1_108' title='bbox 916 1759 991 1829; x_wconf 86' lang='lat' dir='ltr'>lieri</span> <span class='ocrx_word' id='word_1_109' title='bbox 1015 1783 1062 1831; x_wconf 84' lang='lat' dir='ltr'>ex</span> <span class='ocrx_word' id='word_1_110' title='bbox 1085 1757 1210 1830; x_wconf 90' lang='lat' dir='ltr'>nihilo.</span> <span class='ocrx_word' id='word_1_111' title='bbox 1261 1757 1388 1852; x_wconf 85' lang='lat' dir='ltr'>Atque</span> <span class='ocrx_word' id='word_1_112' title='bbox 1404 1783 1452 1831; x_wconf 84' lang='lat' dir='ltr'>ex</span> 
     </span>
     <span class='ocr_line' id='line_1_14' title="bbox 347 1873 1454 1968; baseline 0.001 -23"><span class='ocrx_word' id='word_1_113' title='bbox 347 1875 450 1968; x_wconf 91' lang='lat' dir='ltr'>copia</span> <span class='ocrx_word' id='word_1_114' title='bbox 474 1874 543 1944; x_wconf 87' lang='lat' dir='ltr'>ista</span> <span class='ocrx_word' id='word_1_115' title='bbox 565 1882 604 1944; x_wconf 91' lang='lat' dir='ltr'>et</span> <span class='ocrx_word' id='word_1_116' title='bbox 629 1874 807 1966; x_wconf 77' lang='lat' dir='ltr'>paucitate</span> <span class='ocrx_word' id='word_1_117' title='bbox 834 1875 1002 1959; x_wconf 78' lang='lat' dir='ltr'>materia,</span> <span class='ocrx_word' id='word_1_118' title='bbox 1019 1875 1181 1946; x_wconf 88' lang='lat' dir='ltr'>notiones</span> <span class='ocrx_word' id='word_1_119' title='bbox 1203 1874 1273 1946; x_wconf 86' lang='lat' dir='ltr'>illae</span> <span class='ocrx_word' id='word_1_120' title='bbox 1292 1873 1393 1946; x_wconf 74' lang='lat' dir='ltr'>derasi</span> <span class='ocrx_word' id='word_1_121' title='bbox 1414 1887 1454 1947; x_wconf 87' lang='lat' dir='ltr'>et</span> 
     </span>
     <span class='ocr_line' id='line_1_15' title="bbox 347 1990 1456 2085; baseline 0.002 -23"><span class='ocrx_word' id='word_1_122' title='bbox 347 1991 435 2075; x_wconf 81' lang='lat' dir='ltr'>rori,</span> <span class='ocrx_word' id='word_1_123' title='bbox 453 2013 533 2084; x_wconf 86' lang='lat' dir='ltr'>quae</span> <span class='ocrx_word' id='word_1_124' title='bbox 558 1991 654 2062; x_wconf 80' lang='lat' dir='ltr'>varie</span> <span class='ocrx_word' id='word_1_125' title='bbox 680 2000 718 2062; x_wconf 89' lang='lat' dir='ltr'>et</span> <span class='ocrx_word' id='word_1_126' title='bbox 743 1991 942 2084; x_wconf 88' lang='lat' dir='ltr'>promiscue</span> <span class='ocrx_word' id='word_1_127' title='bbox 967 1990 1200 2084; x_wconf 87' lang='lat' dir='ltr'>accipiuntur,</span> <span class='ocrx_word' id='word_1_128' title='bbox 1227 1993 1368 2085; x_wconf 88' lang='lat' dir='ltr'>proprie</span> <span class='ocrx_word' id='word_1_129' title='bbox 1393 1991 1456 2064; x_wconf 74' lang='lat' dir='ltr'>nh-</span> 
     </span>
     <span class='ocr_line' id='line_1_16' title="bbox 347 2105 1455 2189; baseline -0.001 -10"><span class='ocrx_word' id='word_1_130' title='bbox 347 2107 565 2179; x_wconf 86' lang='lat' dir='ltr'>strahuntur.</span> <span class='ocrx_word' id='word_1_131' title='bbox 597 2105 824 2178; x_wconf 86' lang='lat' dir='ltr'>Assumenda</span> <span class='ocrx_word' id='word_1_132' title='bbox 840 2116 895 2176; x_wconf 90' lang='lat' dir='ltr'>est</span> <span class='ocrx_word' id='word_1_133' title='bbox 911 2114 950 2176; x_wconf 91' lang='lat' dir='ltr'>et</span> <span class='ocrx_word' id='word_1_134' title='bbox 966 2107 1111 2178; x_wconf 79' lang='lat' dir='ltr'>assertio</span> <span class='ocrx_word' id='word_1_135' title='bbox 1129 2105 1190 2178; x_wconf 91' lang='lat' dir='ltr'>illa</span> <span class='ocrx_word' id='word_1_136' title='bbox 1206 2108 1325 2189; x_wconf 85' lang='lat' dir='ltr'>tertia,</span> <span class='ocrx_word' id='word_1_137' title='bbox 1341 2110 1455 2180; x_wconf 87' lang='lat' dir='ltr'>etiam</span> 
     </span>
     <span class='ocr_line' id='line_1_17' title="bbox 349 2222 1454 2316; baseline -0.002 -20"><span class='ocrx_word' id='word_1_138' title='bbox 349 2226 434 2296; x_wconf 85' lang='lat' dir='ltr'>satis</span> <span class='ocrx_word' id='word_1_139' title='bbox 451 2232 569 2304; x_wconf 86' lang='lat' dir='ltr'>certa;</span> <span class='ocrx_word' id='word_1_140' title='bbox 595 2223 691 2315; x_wconf 91' lang='lat' dir='ltr'>quod</span> <span class='ocrx_word' id='word_1_141' title='bbox 708 2223 787 2305; x_wconf 89' lang='lat' dir='ltr'>hoc,</span> <span class='ocrx_word' id='word_1_142' title='bbox 804 2223 850 2292; x_wconf 89' lang='lat' dir='ltr'>de</span> <span class='ocrx_word' id='word_1_143' title='bbox 873 2245 944 2314; x_wconf 92' lang='lat' dir='ltr'>quo</span> <span class='ocrx_word' id='word_1_144' title='bbox 968 2222 1157 2315; x_wconf 86' lang='lat' dir='ltr'>loquimur,</span> <span class='ocrx_word' id='word_1_145' title='bbox 1175 2223 1254 2316; x_wconf 90' lang='lat' dir='ltr'>plns</span> <span class='ocrx_word' id='word_1_146' title='bbox 1274 2233 1314 2295; x_wconf 89' lang='lat' dir='ltr'>et</span> <span class='ocrx_word' id='word_1_147' title='bbox 1334 2225 1454 2295; x_wconf 87' lang='lat' dir='ltr'>minus</span> 
     </span>
     <span class='ocr_line' id='line_1_18' title="bbox 348 2337 1456 2433; baseline 0.002 -21"><span class='ocrx_word' id='word_1_148' title='bbox 348 2341 504 2412; x_wconf 76' lang='lat' dir='ltr'>materie</span> <span class='ocrx_word' id='word_1_149' title='bbox 530 2341 567 2410; x_wconf 93' lang='lat' dir='ltr'>in</span> <span class='ocrx_word' id='word_1_150' title='bbox 590 2360 735 2433; x_wconf 85' lang='lat' dir='ltr'>corpore</span> <span class='ocrx_word' id='word_1_151' title='bbox 761 2338 828 2409; x_wconf 90' lang='lat' dir='ltr'>hoc</span> <span class='ocrx_word' id='word_1_152' title='bbox 846 2337 902 2410; x_wconf 86' lang='lat' dir='ltr'>vel</span> <span class='ocrx_word' id='word_1_153' title='bbox 929 2337 1001 2421; x_wconf 89' lang='lat' dir='ltr'>illo,</span> <span class='ocrx_word' id='word_1_154' title='bbox 1018 2337 1063 2408; x_wconf 93' lang='lat' dir='ltr'>ad</span> <span class='ocrx_word' id='word_1_155' title='bbox 1085 2339 1239 2412; x_wconf 86' lang='lat' dir='ltr'>calculos</span> <span class='ocrx_word' id='word_1_156' title='bbox 1255 2341 1366 2432; x_wconf 74' lang='lat' dir='ltr'>(lwta</span> <span class='ocrx_word' id='word_1_157' title='bbox 1382 2342 1456 2414; x_wconf 88' lang='lat' dir='ltr'>col·</span> 
     </span>
     <span class='ocr_line' id='line_1_19' title="bbox 349 2458 1453 2552; baseline -0.001 -23"><span class='ocrx_word' id='word_1_158' title='bbox 349 2458 496 2552; x_wconf 85' lang='lat' dir='ltr'>latione)</span> <span class='ocrx_word' id='word_1_159' title='bbox 509 2467 547 2530; x_wconf 87' lang='lat' dir='ltr'>et</span> <span class='ocrx_word' id='word_1_160' title='bbox 563 2458 809 2551; x_wconf 88' lang='lat' dir='ltr'>proportiones</span> <span class='ocrx_word' id='word_1_161' title='bbox 826 2466 979 2539; x_wconf 84' lang='lat' dir='ltr'>exactas,</span> <span class='ocrx_word' id='word_1_162' title='bbox 994 2468 1063 2527; x_wconf 89' lang='lat' dir='ltr'>aut</span> <span class='ocrx_word' id='word_1_163' title='bbox 1074 2459 1211 2528; x_wconf 84' lang='lat' dir='ltr'>exactis</span> <span class='ocrx_word' id='word_1_164' title='bbox 1227 2461 1453 2552; x_wconf 84' lang='lat' dir='ltr'>propinquas,</span> 
     </span>
    </p>
   </div>
   <div class='ocr_carea' id='block_1_3' title="bbox 348 2572 1455 2784">
    <p class='ocr_par' dir='ltr' id='par_1_3' title="bbox 348 2572 1455 2784">
     <span class='ocr_line' id='line_1_20' title="bbox 348 2572 1454 2668; baseline -0.002 -21"><span class='ocrx_word' id='word_1_165' title='bbox 348 2575 471 2647; x_wconf 86' lang='lat' dir='ltr'>reduci</span> <span class='ocrx_word' id='word_1_166' title='bbox 501 2572 657 2668; x_wconf 83' lang='lat' dir='ltr'>possit⁴².</span> <span class='ocrx_word' id='word_1_167' title='bbox 709 2572 833 2644; x_wconf 84' lang='lat' dir='ltr'>Veluti</span> <span class='ocrx_word' id='word_1_168' title='bbox 866 2573 1001 2663; x_wconf 89' lang='lat' dir='ltr'>siquis</span> <span class='ocrx_word' id='word_1_169' title='bbox 1028 2573 1133 2655; x_wconf 81' lang='lat' dir='ltr'>dicat,</span> <span class='ocrx_word' id='word_1_170' title='bbox 1159 2573 1275 2644; x_wconf 85' lang='lat' dir='ltr'>inesse</span> <span class='ocrx_word' id='word_1_171' title='bbox 1304 2575 1341 2643; x_wconf 92' lang='lat' dir='ltr'>in</span> <span class='ocrx_word' id='word_1_172' title='bbox 1368 2574 1454 2645; x_wconf 84' lang='lat' dir='ltr'>dato</span> 
     </span>
     <span class='ocr_line' id='line_1_21' title="bbox 349 2689 1455 2784; baseline -0.004 -20"><span class='ocrx_word' id='word_1_173' title='bbox 349 2699 519 2764; x_wconf 88' lang='lat' dir='ltr'>contento</span> <span class='ocrx_word' id='word_1_174' title='bbox 541 2693 616 2760; x_wconf 91' lang='lat' dir='ltr'>anri</span> <span class='ocrx_word' id='word_1_175' title='bbox 643 2689 752 2761; x_wconf 86' lang='lat' dir='ltr'>talem</span> <span class='ocrx_word' id='word_1_176' title='bbox 778 2690 1081 2760; x_wconf 78' lang='lat' dir='ltr'>coacervationem</span> <span class='ocrx_word' id='word_1_177' title='bbox 1108 2690 1279 2774; x_wconf 72' lang='lat' dir='ltr'>materiae,</span> <span class='ocrx_word' id='word_1_178' title='bbox 1297 2698 1340 2762; x_wconf 92' lang='lat' dir='ltr'>ut</span> <span class='ocrx_word' id='word_1_179' title='bbox 1365 2711 1455 2784; x_wconf 85' lang='lat' dir='ltr'>opus</span> 
     </span>
    </p>
   </div>
   <div class='ocr_carea' id='block_1_4' title="bbox 350 2933 1063 3286">
    <p class='ocr_par' dir='ltr' id='par_1_4' title="bbox 350 2933 1063 3286">
     <span class='ocr_line' id='line_1_22' title="bbox 385 2933 817 3008; baseline 0 -18"><span class='ocrx_word' id='word_1_180' title='bbox 385 2935 409 2974; x_wconf 83' lang='lat'>⁴¹</span> <span class='ocrx_word' id='word_1_181' title='bbox 424 2933 473 2990; x_wconf 79' lang='lat' dir='ltr'>Sco</span> <span class='ocrx_word' id='word_1_182' title='bbox 486 2935 601 2998; x_wconf 76' lang='lat' dir='ltr'>Persius,</span> <span class='ocrx_word' id='word_1_183' title='bbox 615 2934 671 2990; x_wconf 86' lang='lat' dir='ltr'>Sat.</span> <span class='ocrx_word' id='word_1_184' title='bbox 681 2935 708 2990; x_wconf 87' lang='lat' dir='ltr'>ii.</span> <span class='ocrx_word' id='word_1_185' title='bbox 719 2937 763 3008; x_wconf 80' lang='lat'>83,</span> <span class='ocrx_word' id='word_1_186' title='bbox 773 2937 817 3004; x_wconf 82' lang='lat'>84.</span> 
     </span>
     <span class='ocr_line' id='line_1_23' title="bbox 492 3041 1063 3174; baseline 0.002 -18"><span class='ocrx_word' id='word_1_187' title='bbox 492 3101 534 3156; x_wconf 83' lang='lat' dir='ltr'>Dc</span> <span class='ocrx_word' id='word_1_188' title='bbox 547 3101 639 3166; x_wconf 89' lang='lat' dir='ltr'>nihilo,</span> <span class='ocrx_word' id='word_1_189' title='bbox 652 3041 856 3156; x_wconf 51' lang='lat' dir='ltr'>id-n-ihiluffigdlill</span> <span class='ocrx_word' id='word_1_190' title='bbox 868 3119 947 3174; x_wconf 80' lang='lat' dir='ltr'>pocae</span> <span class='ocrx_word' id='word_1_191' title='bbox 960 3104 1063 3158; x_wconf 77' lang='lat' dir='ltr'>reveni.</span> 
     </span>
     <span class='ocr_line' id='line_1_24' title="bbox 350 3221 675 3286; baseline -0.003 -10"><span class='ocrx_word' id='word_1_192' title='bbox 350 3221 414 3277; x_wconf 77' lang='lat' dir='ltr'>And</span> <span class='ocrx_word' id='word_1_193' title='bbox 428 3221 577 3286; x_wconf 74' lang='lat' dir='ltr'>Lucretius,</span> <span class='ocrx_word' id='word_1_194' title='bbox 591 3221 644 3276; x_wconf 88' lang='lat' dir='ltr'>Bk.</span> <span class='ocrx_word' id='word_1_195' title='bbox 657 3222 675 3276; x_wconf 86' lang='lat' dir='ltr'>i.</span> 
     </span>
    </p>
   </div>
   <div class='ocr_carea' id='block_1_5' title="bbox 492 3304 1175 3378">
    <p class='ocr_par' dir='ltr' id='par_1_5' title="bbox 492 3304 1175 3378">
     <span class='ocr_line' id='line_1_25' title="bbox 492 3304 1175 3378; baseline 0.001 -18"><span class='ocrx_word' id='word_1_196' title='bbox 492 3311 510 3336; x_wconf 77' lang='lat'>‘⁸</span> <span class='ocrx_word' id='word_1_197' title='bbox 520 3305 568 3360; x_wconf 90' lang='lat' dir='ltr'>Nil</span> <span class='ocrx_word' id='word_1_198' title='bbox 578 3305 661 3378; x_wconf 78' lang='lat' dir='ltr'>igitur</span> <span class='ocrx_word' id='word_1_199' title='bbox 672 3305 727 3360; x_wconf 81' lang='lat' dir='ltr'>heri</span> <span class='ocrx_word' id='word_1_200' title='bbox 741 3304 774 3360; x_wconf 85' lang='lat' dir='ltr'>de</span> <span class='ocrx_word' id='word_1_201' title='bbox 786 3306 840 3360; x_wconf 89' lang='lat' dir='ltr'>nilo</span> <span class='ocrx_word' id='word_1_202' title='bbox 852 3323 931 3377; x_wconf 77' lang='lat' dir='ltr'>posse</span> <span class='ocrx_word' id='word_1_203' title='bbox 943 3304 1094 3376; x_wconf 81' lang='lat' dir='ltr'>putandum</span> <span class='ocrx_word' id='word_1_204' title='bbox 1105 3307 1175 3362; x_wconf 81' lang='lat' dir='ltr'>ert”</span> 
     </span>
    </p>
   </div>
   <div class='ocr_carea' id='block_1_6' title="bbox 350 3390 1457 4400">
    <p class='ocr_par' dir='ltr' id='par_1_6' title="bbox 350 3390 1457 3936">
     <span class='ocr_line' id='line_1_26' title="bbox 350 3390 1456 3464; baseline 0.003 -17"><span class='ocrx_word' id='word_1_205' title='bbox 350 3390 882 3463; x_wconf 75' lang='lat' dir='ltr'>&#39;lhcdcgmaisahotobcionndin</span> <span class='ocrx_word' id='word_1_206' title='bbox 922 3393 945 3447; x_wconf 82' lang='lat' dir='ltr'>ia</span> <span class='ocrx_word' id='word_1_207' title='bbox 968 3391 1011 3446; x_wconf 80' lang='lat' dir='ltr'>his</span> <span class='ocrx_word' id='word_1_208' title='bbox 1039 3393 1165 3464; x_wconf 77' lang='lat' dir='ltr'>rejection</span> <span class='ocrx_word' id='word_1_209' title='bbox 1192 3392 1223 3448; x_wconf 81' lang='lat' dir='ltr'>of</span> <span class='ocrx_word' id='word_1_210' title='bbox 1245 3399 1374 3464; x_wconf 76' lang='lat' dir='ltr'>“parcns</span> <span class='ocrx_word' id='word_1_211' title='bbox 1401 3393 1456 3450; x_wconf 78' lang='lat' dir='ltr'>und</span> 
     </span>
     <span class='ocr_line' id='line_1_27' title="bbox 350 3469 1457 3543; baseline 0.004 -19"><span class='ocrx_word' id='word_1_212' title='bbox 350 3470 502 3525; x_wconf 75' lang='lat' dir='ltr'>Aristotlc&#39;c</span> <span class='ocrx_word' id='word_1_213' title='bbox 515 3469 597 3541; x_wconf 79' lang='lat' dir='ltr'>Phys.</span> <span class='ocrx_word' id='word_1_214' title='bbox 609 3470 693 3525; x_wconf 76' lang='lat' dir='ltr'>Ausc.</span> <span class='ocrx_word' id='word_1_215' title='bbox 704 3469 754 3526; x_wconf 90' lang='lat' dir='ltr'>lV.</span> <span class='ocrx_word' id='word_1_216' title='bbox 773 3471 849 3541; x_wconf 80' lang='lat' dir='ltr'>chop.</span> <span class='ocrx_word' id='word_1_217' title='bbox 861 3470 880 3524; x_wconf 92' lang='lat' dir='ltr'>i.</span> <span class='ocrx_word' id='word_1_218' title='bbox 923 3471 1046 3543; x_wconf 59' lang='lat' dir='ltr'>spongf&#39;</span> <span class='ocrx_word' id='word_1_219' title='bbox 1060 3481 1178 3526; x_wconf 83' lang='lat' dir='ltr'>matters.</span> <span class='ocrx_word' id='word_1_220' title='bbox 1214 3471 1258 3528; x_wconf 83' lang='lat' dir='ltr'>He</span> <span class='ocrx_word' id='word_1_221' title='bbox 1271 3482 1457 3528; x_wconf 79' lang='lat' dir='ltr'>cccmrtooto</span> 
     </span>
     <span class='ocr_line' id='line_1_28' title="bbox 350 3547 1455 3622; baseline 0.005 -20"><span class='ocrx_word' id='word_1_222' title='bbox 350 3550 403 3602; x_wconf 72' lang='grc' dir='ltr'>πᾶν</span> <span class='ocrx_word' id='word_1_223' title='bbox 418 3549 450 3603; x_wconf 73' lang='lat' dir='ltr'>ni</span> <span class='ocrx_word' id='word_1_224' title='bbox 468 3551 602 3619; x_wconf 72' lang='grc' dir='ltr'>γινόμνον</span> <span class='ocrx_word' id='word_1_225' title='bbox 618 3549 714 3620; x_wconf 74' lang='grc' dir='ltr'><strong><em>ἀνάγκη</em></strong></span> <span class='ocrx_word' id='word_1_226' title='bbox 730 3547 848 3620; x_wconf 72' lang='grc' dir='ltr'>γίνεσθαι</span> <span class='ocrx_word' id='word_1_227' title='bbox 865 3547 881 3618; x_wconf 69' lang='grc' dir='ltr'><em>ἦ</em></span> <span class='ocrx_word' id='word_1_228' title='bbox 922 3548 1045 3605; x_wconf 79' lang='lat' dir='ltr'>consider</span> <span class='ocrx_word' id='word_1_229' title='bbox 1056 3549 1114 3604; x_wconf 79' lang='lat' dir='ltr'>that</span> <span class='ocrx_word' id='word_1_230' title='bbox 1125 3549 1168 3605; x_wconf 81' lang='lat' dir='ltr'>his</span> <span class='ocrx_word' id='word_1_231' title='bbox 1181 3549 1327 3622; x_wconf 74' lang='lat' dir='ltr'>“Spiritu’&#39;</span> <span class='ocrx_word' id='word_1_232' title='bbox 1339 3569 1384 3606; x_wconf 83' lang='lat' dir='ltr'>are</span> <span class='ocrx_word' id='word_1_233' title='bbox 1398 3569 1455 3606; x_wconf 74' lang='lat' dir='ltr'>rna·</span> 
     </span>
     <span class='ocr_line' id='line_1_29' title="bbox 350 3625 1456 3702; baseline 0.005 -21"><span class='ocrx_word' id='word_1_234' title='bbox 350 3627 382 3698; x_wconf 69' lang='grc' dir='ltr'>δξ</span> <span class='ocrx_word' id='word_1_235' title='bbox 402 3625 511 3694; x_wconf 70' lang='grc' dir='ltr'><strong><em>ὄντωνῇ</em></strong></span> <span class='ocrx_word' id='word_1_236' title='bbox 530 3625 559 3680; x_wconf 72' lang='lat' dir='ltr'>ir</span> <span class='ocrx_word' id='word_1_237' title='bbox 578 3627 613 3696; x_wconf 76' lang='grc' dir='ltr'>μὴ</span> <span class='ocrx_word' id='word_1_238' title='bbox 631 3626 720 3682; x_wconf 69' lang='grc' dir='ltr'><strong><em>ὅπου.</em></strong></span> <span class='ocrx_word' id='word_1_239' title='bbox 744 3625 841 3681; x_wconf 73' lang='grc' dir='ltr'><strong><em>τούτων</em></strong></span> <span class='ocrx_word' id='word_1_240' title='bbox 852 3627 882 3682; x_wconf 73' lang='grc' dir='ltr'>δι’</span> <span class='ocrx_word' id='word_1_241' title='bbox 922 3629 1005 3693; x_wconf 77' lang='lat' dir='ltr'>tnial,</span> <span class='ocrx_word' id='word_1_242' title='bbox 1012 3628 1066 3684; x_wconf 84' lang='lat' dir='ltr'>and</span> <span class='ocrx_word' id='word_1_243' title='bbox 1073 3627 1236 3699; x_wconf 82' lang='lat' dir='ltr'>ponderahlc</span> <span class='ocrx_word' id='word_1_244' title='bbox 1243 3630 1372 3702; x_wconf 76' lang='lat' dir='ltr'>possibly.</span> <span class='ocrx_word' id='word_1_245' title='bbox 1390 3630 1456 3686; x_wconf 79' lang='lat' dir='ltr'>&#39;lhir</span> 
     </span>
     <span class='ocr_line' id='line_1_30' title="bbox 351 3704 1456 3781; baseline 0.003 -21"><span class='ocrx_word' id='word_1_246' title='bbox 351 3706 382 3760; x_wconf 71' lang='grc' dir='ltr'>τὸ</span> <span class='ocrx_word' id='word_1_247' title='bbox 399 3705 448 3775; x_wconf 66' lang='grc' dir='ltr'>μὲν</span> <span class='ocrx_word' id='word_1_248' title='bbox 464 3704 492 3759; x_wconf 74' lang='lat' dir='ltr'>r’r</span> <span class='ocrx_word' id='word_1_249' title='bbox 509 3705 543 3774; x_wconf 74' lang='grc' dir='ltr'>μὴ</span> <span class='ocrx_word' id='word_1_250' title='bbox 562 3704 641 3759; x_wconf 75' lang='grc' dir='ltr'><strong><em>ὄντων</em></strong></span> <span class='ocrx_word' id='word_1_251' title='bbox 654 3705 773 3776; x_wconf 73' lang='grc' dir='ltr'>γίνεσθαι</span> <span class='ocrx_word' id='word_1_252' title='bbox 790 3705 881 3762; x_wconf 73' lang='grc' dir='ltr'>ὀδύνα·</span> <span class='ocrx_word' id='word_1_253' title='bbox 921 3709 999 3762; x_wconf 87' lang='lat' dir='ltr'>looks</span> <span class='ocrx_word' id='word_1_254' title='bbox 1011 3709 1108 3762; x_wconf 80' lang='lat' dir='ltr'>almost</span> <span class='ocrx_word' id='word_1_255' title='bbox 1119 3725 1148 3762; x_wconf 79' lang='lat' dir='ltr'>ss</span> <span class='ocrx_word' id='word_1_256' title='bbox 1158 3708 1181 3762; x_wconf 79' lang='lat' dir='ltr'>il</span> <span class='ocrx_word' id='word_1_257' title='bbox 1189 3707 1224 3762; x_wconf 80' lang='lat' dir='ltr'>be</span> <span class='ocrx_word' id='word_1_258' title='bbox 1236 3718 1326 3763; x_wconf 62' lang='lat' dir='ltr'>mant</span> <span class='ocrx_word' id='word_1_259' title='bbox 1338 3708 1456 3781; x_wconf 74' lang='lat' dir='ltr'>bythona</span> 
     </span>
     <span class='ocr_line' id='line_1_31' title="bbox 352 3781 1455 3856; baseline 0.004 -18"><span class='ocrx_word' id='word_1_260' title='bbox 352 3799 406 3838; x_wconf 77' lang='lat' dir='ltr'>rau·</span> <span class='ocrx_word' id='word_1_261' title='bbox 424 3783 553 3854; x_wconf 72' lang='grc' dir='ltr'>περὶγὰρ</span> <span class='ocrx_word' id='word_1_262' title='bbox 569 3781 661 3852; x_wconf 60' lang='lat' dir='ltr'>rcthus</span> <span class='ocrx_word' id='word_1_263' title='bbox 672 3785 881 3856; x_wconf 73' lang='grc' dir='ltr'>ὁμογνωμονοῦσι</span> <span class='ocrx_word' id='word_1_264' title='bbox 923 3785 1038 3856; x_wconf 81' lang='lat' dir='ltr'>Spiritus</span> <span class='ocrx_word' id='word_1_265' title='bbox 1049 3784 1097 3840; x_wconf 74' lang='lat' dir='ltr'>the</span> <span class='ocrx_word' id='word_1_266' title='bbox 1110 3803 1189 3856; x_wconf 75' lang='lat' dir='ltr'>gosen</span> <span class='ocrx_word' id='word_1_267' title='bbox 1205 3787 1234 3841; x_wconf 87' lang='lat' dir='ltr'>in</span> <span class='ocrx_word' id='word_1_268' title='bbox 1251 3795 1355 3842; x_wconf 79' lang='lat' dir='ltr'>nature.</span> <span class='ocrx_word' id='word_1_269' title='bbox 1391 3787 1455 3842; x_wconf 78' lang='lat' dir='ltr'>And</span> 
     </span>
     <span class='ocr_line' id='line_1_32' title="bbox 353 3860 1456 3936; baseline 0.001 -16"><span class='ocrx_word' id='word_1_270' title='bbox 353 3865 398 3933; x_wconf 74' lang='lat' dir='ltr'>rip</span> <span class='ocrx_word' id='word_1_271' title='bbox 410 3863 488 3931; x_wconf 69' lang='grc' dir='ltr'><strong><em>δόξης</em></strong></span> <span class='ocrx_word' id='word_1_272' title='bbox 498 3860 607 3919; x_wconf 69' lang='grc' dir='ltr'>ἅπαντας</span> <span class='ocrx_word' id='word_1_273' title='bbox 618 3863 643 3915; x_wconf 85' lang='lat' dir='ltr'>oi</span> <span class='ocrx_word' id='word_1_274' title='bbox 653 3864 713 3932; x_wconf 73' lang='grc' dir='ltr'>περὶ</span> <span class='ocrx_word' id='word_1_275' title='bbox 724 3862 839 3933; x_wconf 73' lang='grc' dir='ltr'><strong>φύσεως.</strong></span> <span class='ocrx_word' id='word_1_276' title='bbox 922 3865 965 3919; x_wconf 79' lang='lat' dir='ltr'>his</span> <span class='ocrx_word' id='word_1_277' title='bbox 988 3865 1152 3936; x_wconf 69' lang='lat' dir='ltr'>experimen</span> <span class='ocrx_word' id='word_1_278' title='bbox 1176 3866 1257 3936; x_wconf 76' lang='lat' dir='ltr'>given</span> <span class='ocrx_word' id='word_1_279' title='bbox 1284 3865 1370 3920; x_wconf 79' lang='lat' dir='ltr'>below</span> <span class='ocrx_word' id='word_1_280' title='bbox 1392 3867 1456 3922; x_wconf 80' lang='lat' dir='ltr'>isa</span> 
     </span>
    </p>

    <p class='ocr_par' dir='ltr' id='par_1_7' title="bbox 352 3939 1456 4400">
     <span class='ocr_line' id='line_1_33' title="bbox 388 3939 1456 4017; baseline 0.007 -24"><span class='ocrx_word' id='word_1_281' title='bbox 388 3939 414 3980; x_wconf 77' lang='lat'>⁴2</span> <span class='ocrx_word' id='word_1_282' title='bbox 428 3939 471 3994; x_wconf 85' lang='lat' dir='ltr'>lic</span> <span class='ocrx_word' id='word_1_283' title='bbox 482 3939 578 3994; x_wconf 77' lang='lat' dir='ltr'>wishes</span> <span class='ocrx_word' id='word_1_284' title='bbox 591 3939 653 3994; x_wconf 79' lang='lat' dir='ltr'>herc</span> <span class='ocrx_word' id='word_1_285' title='bbox 671 3949 699 3996; x_wconf 90' lang='lat' dir='ltr'>to</span> <span class='ocrx_word' id='word_1_286' title='bbox 717 3959 825 4012; x_wconf 81' lang='lat' dir='ltr'>express</span> <span class='ocrx_word' id='word_1_287' title='bbox 837 3941 882 3998; x_wconf 84' lang='lat' dir='ltr'>the</span> <span class='ocrx_word' id='word_1_288' title='bbox 922 3941 994 4016; x_wconf 79' lang='lat' dir='ltr'>good</span> <span class='ocrx_word' id='word_1_289' title='bbox 1006 3943 1165 3998; x_wconf 83' lang='lat' dir='ltr'>illustration</span> <span class='ocrx_word' id='word_1_290' title='bbox 1177 3943 1208 4000; x_wconf 78' lang='lat' dir='ltr'>of</span> <span class='ocrx_word' id='word_1_291' title='bbox 1223 3943 1395 4000; x_wconf 71' lang='lat' dir='ltr'>themius</span> <span class='ocrx_word' id='word_1_292' title='bbox 1409 3963 1456 4017; x_wconf 83' lang='lat' dir='ltr'>ap·</span> 
     </span>
     <span class='ocr_line' id='line_1_34' title="bbox 352 4018 1455 4094; baseline 0.005 -20"><span class='ocrx_word' id='word_1_293' title='bbox 352 4019 415 4084; x_wconf 82' lang='lat' dir='ltr'>lact,</span> <span class='ocrx_word' id='word_1_294' title='bbox 426 4019 488 4074; x_wconf 83' lang='lat' dir='ltr'>that</span> <span class='ocrx_word' id='word_1_295' title='bbox 498 4035 550 4072; x_wconf 85' lang='lat' dir='ltr'>one</span> <span class='ocrx_word' id='word_1_296' title='bbox 561 4027 634 4072; x_wconf 83' lang='lat' dir='ltr'>mast</span> <span class='ocrx_word' id='word_1_297' title='bbox 649 4018 716 4073; x_wconf 83' lang='lat' dir='ltr'>have</span> <span class='ocrx_word' id='word_1_298' title='bbox 728 4036 743 4073; x_wconf 83' lang='lat' dir='ltr'>a</span> <span class='ocrx_word' id='word_1_299' title='bbox 755 4020 883 4076; x_wconf 79' lang='lat' dir='ltr'>standard</span> <span class='ocrx_word' id='word_1_300' title='bbox 923 4021 1039 4094; x_wconf 83' lang='lat' dir='ltr'>plinnces</span> <span class='ocrx_word' id='word_1_301' title='bbox 1072 4021 1127 4076; x_wconf 82' lang='lat' dir='ltr'>aad</span> <span class='ocrx_word' id='word_1_302' title='bbox 1162 4022 1339 4078; x_wconf 78' lang='lat' dir='ltr'>instrumento</span> <span class='ocrx_word' id='word_1_303' title='bbox 1370 4023 1455 4078; x_wconf 85' lang='lat' dir='ltr'>under</span> 
     </span>
     <span class='ocr_line' id='line_1_35' title="bbox 353 4095 1455 4172; baseline 0.005 -18"><span class='ocrx_word' id='word_1_304' title='bbox 353 4098 385 4154; x_wconf 80' lang='lat' dir='ltr'>of</span> <span class='ocrx_word' id='word_1_305' title='bbox 399 4105 593 4153; x_wconf 63' lang='lat' dir='ltr'>murmurent</span> <span class='ocrx_word' id='word_1_306' title='bbox 605 4095 635 4151; x_wconf 76' lang='lat' dir='ltr'>oi</span> <span class='ocrx_word' id='word_1_307' title='bbox 644 4097 757 4165; x_wconf 71' lang='lat' dir='ltr'>wcight3</span> <span class='ocrx_word' id='word_1_308' title='bbox 776 4099 829 4154; x_wconf 85' lang='lat' dir='ltr'>and</span> <span class='ocrx_word' id='word_1_309' title='bbox 847 4099 884 4172; x_wconf 83' lang='lat' dir='ltr'>by</span> <span class='ocrx_word' id='word_1_310' title='bbox 923 4100 1010 4156; x_wconf 83' lang='lat' dir='ltr'>which</span> <span class='ocrx_word' id='word_1_311' title='bbox 1030 4101 1065 4154; x_wconf 84' lang='lat' dir='ltr'>hc</span> <span class='ocrx_word' id='word_1_312' title='bbox 1083 4100 1221 4166; x_wconf 80' lang='lat' dir='ltr'>laboured‚</span> <span class='ocrx_word' id='word_1_313' title='bbox 1240 4101 1294 4156; x_wconf 81' lang='lat' dir='ltr'>and</span> <span class='ocrx_word' id='word_1_314' title='bbox 1312 4101 1402 4157; x_wconf 72' lang='lat' dir='ltr'>which</span> <span class='ocrx_word' id='word_1_315' title='bbox 1421 4103 1455 4160; x_wconf 78' lang='lat' dir='ltr'>hc</span> 
     </span>
     <span class='ocr_line' id='line_1_36' title="bbox 353 4174 1455 4252; baseline 0.005 -22"><span class='ocrx_word' id='word_1_316' title='bbox 353 4177 453 4250; x_wconf 74' lang='lat' dir='ltr'>weight</span> <span class='ocrx_word' id='word_1_317' title='bbox 469 4175 501 4231; x_wconf 83' lang='lat' dir='ltr'>oi</span> <span class='ocrx_word' id='word_1_318' title='bbox 517 4174 630 4248; x_wconf 82' lang='lat' dir='ltr'>density.</span> <span class='ocrx_word' id='word_1_319' title='bbox 674 4175 740 4232; x_wconf 81' lang='lat' dir='ltr'>This</span> <span class='ocrx_word' id='word_1_320' title='bbox 758 4175 792 4231; x_wconf 85' lang='lat' dir='ltr'>hc</span> <span class='ocrx_word' id='word_1_321' title='bbox 808 4179 884 4234; x_wconf 82' lang='lat' dir='ltr'>takes</span> <span class='ocrx_word' id='word_1_322' title='bbox 925 4179 1025 4251; x_wconf 74' lang='lat' dir='ltr'>songht</span> <span class='ocrx_word' id='word_1_323' title='bbox 1047 4188 1076 4234; x_wconf 83' lang='lat' dir='ltr'>to</span> <span class='ocrx_word' id='word_1_324' title='bbox 1105 4179 1201 4234; x_wconf 75' lang='lat' dir='ltr'>lescen</span> <span class='ocrx_word' id='word_1_325' title='bbox 1239 4179 1298 4235; x_wconf 83' lang='lat' dir='ltr'>The</span> <span class='ocrx_word' id='word_1_326' title='bbox 1321 4179 1455 4252; x_wconf 78' lang='lat' dir='ltr'>Airpnmp</span> 
     </span>
     <span class='ocr_line' id='line_1_37' title="bbox 353 4253 1453 4331; baseline 0.002 -19"><span class='ocrx_word' id='word_1_327' title='bbox 353 4265 381 4312; x_wconf 89' lang='lat' dir='ltr'>to</span> <span class='ocrx_word' id='word_1_328' title='bbox 393 4255 427 4311; x_wconf 83' lang='lat' dir='ltr'>bc</span> <span class='ocrx_word' id='word_1_329' title='bbox 440 4253 535 4326; x_wconf 77' lang='lat' dir='ltr'>Spiritu</span> <span class='ocrx_word' id='word_1_330' title='bbox 547 4255 578 4310; x_wconf 82' lang='lat' dir='ltr'>oi</span> <span class='ocrx_word' id='word_1_331' title='bbox 587 4253 683 4320; x_wconf 81' lang='lat' dir='ltr'>W1nc;</span> <span class='ocrx_word' id='word_1_332' title='bbox 702 4273 742 4310; x_wconf 76' lang='lat' dir='ltr'>we</span> <span class='ocrx_word' id='word_1_333' title='bbox 758 4272 806 4310; x_wconf 75' lang='lat' dir='ltr'>use</span> <span class='ocrx_word' id='word_1_334' title='bbox 818 4257 883 4312; x_wconf 83' lang='lat' dir='ltr'>Wa-</span> <span class='ocrx_word' id='word_1_335' title='bbox 925 4258 972 4313; x_wconf 80' lang='lat' dir='ltr'>har</span> <span class='ocrx_word' id='word_1_336' title='bbox 992 4256 1062 4312; x_wconf 82' lang='lat' dir='ltr'>filled</span> <span class='ocrx_word' id='word_1_337' title='bbox 1084 4275 1121 4328; x_wconf 88' lang='lat' dir='ltr'>up</span> <span class='ocrx_word' id='word_1_338' title='bbox 1139 4257 1185 4313; x_wconf 82' lang='lat' dir='ltr'>the</span> <span class='ocrx_word' id='word_1_339' title='bbox 1196 4256 1259 4314; x_wconf 80' lang='lat' dir='ltr'>void</span> <span class='ocrx_word' id='word_1_340' title='bbox 1276 4259 1305 4314; x_wconf 92' lang='lat' dir='ltr'>in</span> <span class='ocrx_word' id='word_1_341' title='bbox 1323 4258 1378 4314; x_wconf 84' lang='lat' dir='ltr'>this</span> <span class='ocrx_word' id='word_1_342' title='bbox 1394 4277 1453 4331; x_wconf 82' lang='lat' dir='ltr'>par-</span> 
     </span>
     <span class='ocr_line' id='line_1_38' title="bbox 353 4333 1098 4400; baseline 0 -10"><span class='ocrx_word' id='word_1_343' title='bbox 353 4345 402 4391; x_wconf 84' lang='lat' dir='ltr'>ter.</span> <span class='ocrx_word' id='word_1_344' title='bbox 441 4333 492 4390; x_wconf 83' lang='lat' dir='ltr'>Hir</span> <span class='ocrx_word' id='word_1_345' title='bbox 511 4334 666 4389; x_wconf 71' lang='lat' dir='ltr'>ratium</span> <span class='ocrx_word' id='word_1_346' title='bbox 687 4333 884 4400; x_wconf 67' lang='lat' dir='ltr'>iubenda</span> <span class='ocrx_word' id='word_1_347' title='bbox 925 4337 1098 4392; x_wconf 79' lang='lat' dir='ltr'>ticnlarcasa</span> 
     </span>
    </p>
   </div>
   <div class='ocr_carea' id='block_1_7' title="bbox 0 0 1647 5146">
    <p class='ocr_par' dir='ltr' id='par_1_8' title="bbox 0 0 1647 5146">
     <span class='ocr_line' id='line_1_39' title="bbox 0 0 1647 5146; baseline 0 0"><span class='ocrx_word' id='word_1_348' title='bbox 0 0 1647 5146; x_wconf 95' lang='lat' dir='ltr'> </span> 
     </span>
    </p>
   </div>
  </div>
 </body>
</html>
