3078 5180
651 377 714 423 xvii

125 514 208 579 enim
227 535 281 580 res
300 514 346 581 ite
364 517 432 606 geri
451 517 616 593 cousuevit,
632 526 667 582 ut
686 541 707 582 a
720 539 811 582 seusu
826 529 858 582 et
877 522 1113 606 particularibus
1132 525 1231 611 priiuo

126 625 194 690 loeo
217 627 260 691 nd
286 627 421 693 maxime
444 629 602 715 generalia
623 629 794 705 advoletur,
815 639 961 718 tnuqunui
983 634 1025 699 ad
1047 637 1133 723 polos
1154 638 1232 703 fixos

128 736 211 802 circe
239 759 319 825 quos
348 738 570 827 disputationes
598 750 780 818 certantum
813 743 854 806 ab
875 741 935 808 iilis
955 755 1070 811 cetera
1091 767 1148 833 per
1168 770 1232 811 me-

128 846 181 913 din
200 848 402 916 deriventur:
433 850 483 916 ria
505 860 590 916 certe
613 851 841 939 compendiaria
865 855 921 920 sed
941 857 1110 944 precipiti;
1138 868 1170 924 et
1191 861 1232 924 sd

128 957 286 1024 Naturam
318 961 477 1048 impervia,
513 963 555 1028 nd
592 963 814 1050 disputationes
846 986 920 1028 vero
956 965 1083 1052 proclivi
1115 976 1148 1033 et
1183 991 1233 1033 ac-

128 1071 333 1138 mmmodstc„
379 1074 423 1138 At
443 1075 611 1140 secuudum
632 1097 688 1139 nos
703 1075 870 1140 Axiomata
891 1077 1087 1143 continenter
1107 1089 1140 1144 et
1160 1101 1233 1168 gra-

128 1181 228 1246 datim
245 1183 431 1260 excitantur,
454 1193 490 1250 ut
511 1205 573 1249 uou
596 1185 654 1249 uisi
675 1194 833 1270 postremo
852 1185 918 1252 loco
940 1189 982 1254 ed
1002 1189 1234 1276 generalissima

129 1291 295 1359 venietur:
320 1315 359 1358 ee
382 1315 456 1360 vero
478 1294 709 1383 gmeralissima
732 1295 877 1370 evadunt,
900 1313 962 1357 nou
986 1289 1154 1358 uotiouelia
1178 1293 1233 1358 scd

128 1405 209 1470 beue
235 1405 410 1482 terminate,
433 1416 466 1472 et
489 1406 564 1471 talio
587 1428 658 1493 quae
681 1407 809 1473 Natura
834 1417 870 1472 ut
893 1426 1004 1470 revers
1029 1404 1086 1470 sibi
1112 1405 1234 1470 notiore

126 1523 288 1602 agnosca,
303 1537 435 1602 queque
448 1517 543 1582 rebus
557 1518 699 1584 herecut
712 1519 745 1583 iu
760 1519 911 1584 medullis.

173 1629 218 1690 At
243 1625 276 1690 iu
299 1625 400 1692 forma
424 1626 491 1714 ipsc
514 1649 636 1714 quoque
660 1629 859 1704 inductionis,
883 1637 916 1692 et
932 1629 1048 1715 judicio
1071 1627 1154 1714 quod
1175 1649 1233 1714 per

127 1757 199 1802 enni
224 1736 269 1813 fii,
297 1759 374 1824 opus
396 1738 488 1827 louge
511 1740 679 1806 maximum
702 1763 869 1807 movemus.
925 1741 974 1805 Ea
999 1741 1080 1805 enim
1105 1741 1146 1805 de
1171 1762 1233 1827 quo

127 1847 292 1914 Dialectici
312 1850 490 1936 loquuntur,
506 1872 576 1937 quse
597 1851 737 1937 procedit
756 1871 814 1938 per
836 1851 1099 1916 enumerationem
1119 1851 1233 1938 simpli-

125 1979 206 2035 cem,
221 1957 340 2045 puerile
354 1957 500 2046 quiddam
520 1971 576 2038 est,
593 1971 625 2027 et
642 1962 783 2049 precario
802 1962 966 2038 concludit,
983 1972 1016 2028 et
1034 1962 1172 2048 pericido
1192 1963 1232 2027 eb

125 2070 276 2136 ἱιιιιιιιιιὶιι
288 2069 526 2137 contradictorie
540 2073 716 2160 exponitur,
731 2083 764 2138 et
779 2083 925 2140 consuete
939 2082 1060 2138 tautum
1076 2073 1231 2150 intuetur;

124 2205 184 2250 uec
199 2183 317 2249 exitum
331 2181 457 2270 reperit.

169 2295 268 2382 Atqui
283 2316 361 2381 opus
374 2303 423 2360 est
436 2294 478 2359 ed
491 2293 634 2360 scientias
649 2293 839 2360 inductionis
858 2295 959 2360 forma
974 2293 1038 2371 teli,
1054 2315 1125 2381 qun
1140 2313 1233 2380 expe·

123 2405 270 2472 rieutiam
284 2406 385 2472 solvet
398 2417 431 2472 et
447 2416 581 2494 separet,
597 2417 629 2472 et
642 2429 701 2494 per
720 2405 910 2472 exclusiones
923 2427 960 2473 ac
979 2407 1161 2494 rejectiones
1180 2407 1233 2472 de-

124 2517 209 2584 bitas
230 2519 402 2584 necessario
424 2517 596 2584 concludat.
643 2519 736 2597 Quod
756 2518 782 2582 si
799 2517 949 2607 judiciuin
974 2517 1049 2582 illud
1072 2517 1232 2606 vulgatum

126 2628 369 2694 Dialecticuriuu
389 2637 455 2694 tem
478 2649 641 2717 operosum
666 2629 770 2706 fuerit,
794 2639 827 2695 et
847 2638 937 2695 tauta
958 2629 1083 2718 iugenio
1105 2651 1233 2695 exercu-

124 2742 208 2818 erit;
236 2747 354 2826 quanto
378 2738 477 2828 magis
500 2741 702 2806 laborandum
726 2750 774 2806 est
795 2741 827 2805 iu
850 2741 908 2805 hoc
930 2740 1039 2816 altero,
1064 2741 1148 2827 quod
1170 2762 1231 2805 uon

124 2862 250 2920 tautum
264 2874 304 2919 ex
318 2852 431 2918 mentis
449 2849 669 2939 penetralibus,
684 2851 739 2916 sed
754 2849 846 2916 aiam
861 2872 901 2915 ex
916 2851 1049 2916 Naturae
1064 2851 1231 2917 visceribus

123 2962 326 3030 extrahitur?

168 3077 282 3161 Neque
296 3085 401 3140 minen
415 3075 465 3140 hic
479 3074 557 3140 finis.
585 3073 667 3140 Nam
682 3074 883 3139 fundamento
897 3094 1019 3159 quoque
1034 3073 1229 3138 scientiarum

122 3187 237 3252 fortius
259 3185 458 3273 deprimimus
478 3196 511 3252 et
529 3185 704 3262 solidemus,
719 3195 815 3271 etque
836 3184 924 3249 initis
941 3183 1120 3269 inquirendi·
1138 3183 1230 3248 altius

121 3299 281 3374 sumimus,
304 3319 397 3384 quain
419 3299 521 3364 adhuc
542 3299 682 3363 homiues
703 3298 863 3362 fecerunt:
890 3317 927 3360 ee
948 3293 1136 3382 subjiciendo
1158 3317 1230 3361 exe-

123 3409 208 3486 mini,
246 3429 318 3494 qne
354 3409 471 3496 Lugios
507 3409 653 3496 vulgaris,
685 3416 834 3493 tauquam
870 3405 931 3471 tide
967 3403 1076 3481 aliene,
1110 3405 1228 3492 recipit.

122 3522 250 3587 Etenim
265 3519 426 3585 Dialectici
445 3520 596 3607 principia
614 3519 811 3584 scientiarum
826 3538 846 3582 n
863 3515 996 3582 scientiis
1016 3517 1144 3604 singulis
1161 3529 1230 3584 tnu.

120 3653 217 3719 quam
236 3640 344 3696 mutuo
363 3641 506 3708 sumuut3
529 3650 636 3696 rursus
656 3630 795 3694 notiones
817 3628 928 3693 mentis
949 3627 1066 3713 primes
1080 3649 1229 3694 veneran-

121 3755 197 3822 tiir;
220 3753 378 3832 postremo
392 3741 658 3807 informationibus
675 3739 859 3805 immediatis
872 3760 980 3804 seusus
995 3738 1074 3804 beiie
1089 3739 1228 3826 dispositi

120 3855 330 3942 acquiescimt.
371 3853 416 3918 At
435 3874 491 3916 uos
505 3851 653 3940 longinum
669 3873 774 3916 verani
794 3850 930 3938 singulos
946 3849 1142 3916 scientiarum
1157 3875 1228 3939 pro-

119 3967 247 4042 vincias,
277 3964 395 4052 mnjore
421 3985 490 4028 cuin
511 3962 642 4050 imperio
667 3983 760 4049 qnam
789 3983 884 4048 penes
913 3961 1048 4049 ipserum
1078 3963 1228 4050 principie

118 4077 171 4154 sit,
186 4078 305 4143 debere
323 4075 446 4164 ingredi
468 4075 679 4152 decrevimus3
702 4085 797 4161 atque
815 4074 867 4139 illa
886 4073 954 4161 ipsa
968 4074 1119 4162 principis
1138 4085 1228 4160 puta

119 4187 186 4252 tiva
210 4187 253 4251 nd
277 4184 414 4250 rationes
438 4184 614 4251 reddendas
640 4184 833 4272 compellere,
856 4207 1017 4272 quousque
1038 4187 1131 4272 plene
1157 4207 1228 4249 con-

118 4306 212 4362 stent.
261 4294 353 4372 Quod
369 4315 443 4359 iero
461 4295 573 4361 attinet
588 4295 629 4360 ad
643 4296 783 4360 notiones
800 4296 915 4382 primes
933 4297 1126 4369 intellectum
1152 4295 1228 4359 nihil

687 4407 709 4470 b
