3222 5148
659 340 748 406 LIB.
772 341 890 406 11.12.
1278 345 1342 413 167

240 506 280 570 et
308 521 453 592 corpora
481 500 558 592 ipsc
585 503 766 574 resistunt.
819 502 894 576 Ubi
920 525 1004 573 vero
1029 526 1175 596 corpora
1205 505 1343 578 facilius

241 615 386 700 cedunt,
407 617 464 686 vix
483 618 663 689 excitatur
678 617 782 691 calor.

648 818 713 912 Ad
726 821 930 892 vicesimam.

290 947 350 1021 26.
376 949 493 1023 Calori
511 951 716 1026 animalium
733 953 831 1025 nulla
848 955 1074 1049 subjungitur
1090 957 1256 1053 nepetino,
1275 958 1342 1030 nisi

240 1065 455 1138 insectorum
486 1073 543 1162 (ut
576 1070 711 1140 dietum
746 1071 817 1164 est)
852 1072 898 1142 ob
933 1073 1143 1164 parvitatem
1178 1074 1342 1166 corporis.

241 1182 387 1256 Etenim
404 1185 441 1255 in
459 1185 612 1279 piscibus
629 1185 766 1257 collatis
782 1187 827 1257 ad
845 1184 1010 1256 animalia
1033 1190 1213 1258 terrestria
1230 1189 1342 1282 magis

239 1307 384 1371 notatur
399 1299 529 1394 gradus
546 1299 801 1393 caloris,.quam
818 1301 980 1393 privatio.
1021 1301 1065 1371 In
1085 1303 1343 1396 vegetabilibus

237 1424 358 1484 autern
390 1424 428 1486 et
456 1413 586 1508 plantis
614 1416 733 1486 nullus
763 1417 957 1510 percipitur
985 1417 1115 1511 gradus
1143 1418 1268 1489 caloris
1295 1419 1340 1489 ad

239 1537 385 1615 tactum,
403 1554 519 1624 neque
535 1534 573 1602 in
590 1531 777 1626 lachrymis
793 1533 959 1626 ipsorum,
978 1555 1094 1625 neque
1114 1534 1152 1602 in
1175 1533 1341 1604 medullis

237 1655 400 1718 recenter
427 1649 568 1742 apertis.
618 1646 672 1718 At
701 1650 737 1718 in
767 1647 978 1719 animalibus
1008 1671 1137 1741 magna
1167 1649 1341 1742 reperitur

237 1761 422 1834 diversitas
444 1762 589 1846 caloris3
615 1773 693 1836 tum
720 1765 755 1835 in
782 1762 942 1858 partibus
967 1765 1134 1857 ipsorum,
1153 1763 1258 1853 (alius
1284 1775 1340 1836 est

236 1880 335 1949 enim
362 1880 457 1952 calor
483 1881 575 1951 circa
600 1903 671 1966 eor,
689 1880 779 1952 alius
805 1883 841 1950 in
868 1881 1022 1961 cerebro,
1044 1880 1133 1951 alius
1159 1881 1252 1951 cirea
1277 1903 1339 1951 ex·

237 1993 351 2086 terna)
370 2006 447 2067 tum
474 1999 510 2067 in
536 1998 778 2069 accidentibus
804 2020 937 2078 eorum,
956 2006 997 2067 ut
1022 1998 1059 2067 in
1082 1996 1338 2068 exercitatione

237 2111 449 2197 vehementi,
468 2121 506 2183 ct
522 2113 691 2184 febribus.

560 2301 624 2374 Ad
638 2300 833 2374 vicesimam
844 2301 1011 2396 primam.

287 2423 346 2496 27.
373 2417 471 2491 Huic
487 2422 663 2492 instantia
682 2421 742 2490 vix
765 2419 990 2514 subjungitur
1006 2419 1172 2514 nepetino.
1225 2417 1338 2503 Quin-

235 2536 345 2637 etiam
377 2545 605 2608 excrementa
633 2534 840 2607 animalium
872 2557 942 2605 non
970 2536 1125 2605 recentia
1150 2536 1337 2606 manifeste

236 2651 370 2722 habent
390 2651 541 2724 calorem
566 2649 810 2746 potentialem,
827 2661 870 2721 nt
895 2651 1051 2721 cernitur
1075 2651 1112 2718 in
1139 2652 1337 2745 impingua·

233 2768 332 2837 tione
349 2765 463 2839 soli⁷⁵.

440 2949 505 3023 Ad
520 2950 714 3023 vicesimam
730 2946 912 3020 secundom
931 2955 963 3018 ct
980 2947 1129 3018 matiam.

286 3086 347 3154 28.
373 3081 547 3175 Liquores
564 3082 652 3171 (sive
674 3089 773 3172 aquae
789 3087 972 3160 vocentur,
990 3078 1064 3148 sive
1085 3073 1177 3164 olea)
1195 3077 1257 3167 qui
1275 3074 1337 3146 ba-

234 3197 324 3268 bent
352 3219 520 3292 magnam
549 3205 587 3268 et
614 3197 792 3268 intensam
824 3194 1064 3276 acrimoniam,
1091 3199 1336 3282 exsequuntur

232 3335 340 3407 opera
364 3313 489 3385 calone
513 3313 552 3383 in
577 3310 772 3382 divulsione
798 3331 994 3401 corporum,
1011 3316 1121 3397 atque
1146 3305 1335 3376 adustione

231 3437 313 3522 post
329 3427 483 3522 aliquam
500 3449 656 3498 moram:
682 3425 745 3498 sed
762 3435 883 3496 tamen
905 3424 949 3496 ad
973 3423 1087 3515 ipsum
1106 3431 1242 3493 tactum
1261 3441 1336 3490 ma-

232 3566 299 3616 nus
316 3567 388 3616 non
411 3553 496 3615 sunt
519 3542 623 3614 calidi
647 3540 693 3610 ab
719 3538 821 3608 initio
831 3533 868 3608 ⁷⁶.
920 3535 1125 3630 Operantnr
1142 3543 1263 3605 autern
1281 3555 1336 3603 se-

232 3661 389 3732 cundum
405 3659 615 3754 analogiam,
634 3664 672 3727 et
693 3676 796 3749 poros
820 3652 983 3746 comoris,
1002 3651 1060 3722 cui
1080 3649 1333 3744 adjunguntur.

230 3775 339 3869 Aqua
365 3777 461 3848 enim
488 3775 580 3870 regis
607 3793 731 3843 aurum
756 3767 872 3851 solvit,
889 3777 1076 3863 argentum
1103 3768 1269 3836 minime:
1296 3775 1334 3836 at

264 4034 381 4092 ⁷⁶me
399 4036 445 4091 the
458 4033 602 4092 Ammonia
619 4029 759 4088 contained
800 4036 828 4081 to
858 4025 927 4080 their
956 4023 1118 4088 Affinities‚”
1145 4022 1209 4077 does
1241 4021 1332 4076 Bacon

229 4105 402 4178 innlldnng.
800 4107 898 4159 meant
933 4103 1021 4158 'l'bese
1037 4107 1055 4133 ‘¹
1065 4100 1237 4172 exceptiona''
1249 4099 1332 4168 (28—

264 4182 453 4257 ⁷⁸chctition
476 4182 546 4238 from
571 4181 695 4237 instance
718 4197 759 4248 ιι,
800 4184 847 4254 32)
860 4199 905 4237 are
921 4181 949 4236 in
967 4199 1004 4236 no
1020 4198 1097 4236 scum
1110 4176 1256 4234 connected
1268 4176 1332 4231 with

228 4261 670 4334 vithanattcmptatcxplanation.
688 4259 758 4314 “Se-
800 4261 887 4324 Hem
906 4276 936 4314 aa
952 4259 1000 4314 has
1016 4259 1084 4313 been
1097 4254 1226 4312 obcervcd
1238 4253 1330 4317 above,

229 4340 350 4398 cundum
373 4339 563 4411 Analogiamss’
588 4337 760 4410 “according
801 4336 839 4394 ll.
855 4355 897 4392 ιι.
911 4337 979 4394 luo.
993 4350 1036 4408 25.
