3078 5180
535 343 623 408 LIB.
640 345 669 410 1.
685 346 737 420 61,
754 347 805 410 62.
1181 349 1226 416 39

110 503 293 597 perfectus
327 506 561 592 describatur,
594 509 751 582 multum
787 519 844 580 est
881 509 919 580 iu
953 510 1153 581 constantia
1185 517 1225 582 et

111 621 378 696 exercitatione
404 647 539 707 manus,
566 625 592 696 si
620 626 684 697 fiat
708 649 754 699 ex
781 626 815 695 ri
842 647 969 697 manus
994 627 1144 719 propria,
1170 627 1224 698 sin

112 746 238 810 autem
255 739 473 811 adhibeatur
488 741 619 836 regula,
635 751 699 814 cut
716 743 877 826 circinus,
895 727 1020 834 parum
1037 751 1101 813 cut
1116 741 1225 824 nihil;

113 856 263 926 omuino
280 855 407 928 similis
424 865 478 927 est
495 866 616 930 nostra
637 859 738 930 ratio.
792 856 896 928 Licet
919 865 1041 929 autem
1065 859 1227 930 constite-

114 971 258 1042 tionum
281 972 549 1065 particularium
573 973 694 1045 nullus
717 975 763 1044 sit
785 995 888 1057 nsua;
915 973 961 1044 de
982 972 1087 1044 sectis
1104 981 1224 1046 tamen

117 1095 155 1157 et
176 1087 373 1182 generibus
396 1088 600 1180 hujusmodi
623 1088 841 1160 theoriarum
858 1087 1017 1159 nonnihil
1036 1089 1224 1162 dicendum

117 1211 188 1288 est3
208 1213 322 1297 atque
340 1206 448 1276 etiem
468 1204 670 1298 paulopost
688 1205 734 1276 de
751 1205 858 1300 siguis
874 1205 1118 1287 exterioribus,
1131 1207 1227 1299 quod

117 1343 156 1392 se
177 1320 274 1393 male
297 1320 474 1402 babeant3
502 1329 540 1392 et
562 1328 741 1414 postremo
760 1322 806 1393 de
824 1321 938 1394 causis
953 1328 1062 1392 tantae
1079 1322 1228 1394 infelici-

117 1438 214 1520 tatis,
233 1445 364 1509 ettam
383 1438 543 1509 diuturni
567 1446 605 1510 et
627 1437 803 1532 generalis
824 1438 860 1508 in
879 1461 995 1510 errore
1012 1460 1226 1526 cousensus;

118 1563 160 1627 ut
176 1555 224 1626 cd
241 1577 327 1626 vcra
348 1554 467 1626 minus
490 1553 644 1626 difficilis
666 1555 712 1626 sit
734 1555 862 1637 aditus,
883 1564 921 1625 et
942 1554 1145 1629 intellectus
1161 1556 1227 1628 hu·

117 1691 247 1742 manus
264 1668 443 1740 valentius
459 1678 688 1765 expurgetur,
707 1681 745 1742 et
763 1667 857 1742 idola
874 1671 1045 1743 dimittat.

168 1979 275 2054 Idola
299 1977 434 2066 theatri,
452 1983 526 2054 sive
549 1982 777 2066 theoriarum,
798 1982 913 2055 multa
936 1992 1030 2066 suut,
1050 1993 1089 2053 et
1112 1983 1227 2056 multo

118 2099 223 2193 plura
248 2121 326 2170 ease
352 2107 510 2192 possunt,
528 2107 567 2169 et
589 2098 780 2192 aliquando
806 2101 953 2172 fortasse
978 2109 1092 2171 erunt.
1146 2098 1226 2172 Nisi

118 2217 230 2299 euim,
258 2213 464 2308 permulta
485 2215 561 2308 jem
589 2215 729 2300 saeoula,
756 2215 939 2287 homiuum
967 2215 1111 2309 ingania
1135 2215 1228 2288 circa

118 2332 329 2426 religionem
365 2339 403 2400 et
441 2329 657 2424 theologiam
696 2339 869 2424 occupata
903 2330 1076 2416 tuissent;
1119 2339 1233 2423 atque

119 2451 233 2520 etiam
260 2446 397 2540 politiae
422 2445 543 2518 civiles
566 2446 773 2539 (presertim
798 2447 1023 2539 monarchia)
1044 2445 1090 2518 ab
1110 2447 1229 2520 istiua-

119 2565 220 2636 modi
248 2563 474 2644 novitatibus,
503 2563 614 2633 etiam
643 2562 681 2632 iu
710 2561 1080 2656 contemplationibus,
1108 2571 1228 2636 essent

119 2675 316 2766 arersae⁹¹;
345 2688 387 2749 ut
410 2702 492 2750 cum
519 2677 677 2772 periculo
702 2688 741 2750 et
766 2680 982 2752 detrimento
1005 2679 1226 2752 fortunarum

120 2820 266 2869 suarum
284 2796 321 2866 iu
338 2794 416 2866 illas
432 2795 593 2866 homiues
614 2795 832 2880 incumbant,
850 2819 923 2868 uon
945 2795 1059 2869 solum
1083 2799 1227 2892 praemio

121 2911 300 2998 destituti,
330 2911 392 2982 sed
427 2912 534 2982 etiam
565 2913 786 3005 contemptui
817 2922 856 2985 et
885 2913 1024 2984 invidiae
1054 2915 1227 3007 expositi3

121 3029 326 3124 complures
346 3026 424 3098 alia
447 3025 680 3120 proculdubio
703 3027 1001 3122 philosophiarum
1021 3039 1059 3100 et
1075 3031 1228 3103 theoria·

121 3169 202 3217 rum
221 3151 335 3225 secta,
353 3141 486 3214 similes
503 3141 582 3227 illis,
601 3165 677 3235 quae
694 3165 824 3237 magna
839 3146 1012 3214 varietate
1029 3143 1115 3215 olim
1132 3145 1226 3238 apud

121 3263 270 3334 Graecos
298 3257 506 3341 floruerunt,
536 3258 748 3330 introductae
778 3259 937 3331 fuissent.
988 3259 1228 3342 Quemadmo-

119 3379 210 3450 dum
229 3377 325 3447 euim
343 3397 450 3468 super
461 3371 688 3470 plraenomeno
706 3375 846 3446 aetheris
863 3375 966 3469 plura
982 3371 1129 3446 limata
1145 3376 1227 3448 coeli

119 3492 278 3586 confingi
302 3499 470 3584 possunt;
497 3489 670 3572 similiter,
688 3499 726 3562 et
742 3491 858 3562 multo
875 3491 996 3586 magis,
1014 3514 1120 3585 super
1128 3488 1229 3588 plne-

120 3631 269 3682 comcna
293 3605 522 3702 philosophiae
548 3605 687 3678 fundari
714 3616 863 3700 possunt
885 3617 923 3680 et
946 3605 1114 3679 constitui
1132 3609 1228 3684 varia

119 3727 303 3820 dogmata.
366 3720 491 3815 Atque
527 3722 730 3815 hujusmodi
766 3721 893 3795 theatri
927 3722 1059 3795 fabulae
1093 3723 1227 3797 habeut

120 3842 232 3914 etiam
258 3839 359 3922 illud,
382 3840 478 3932 quod
505 3840 538 3909 in
568 3839 709 3911 theatro
735 3847 920 3932 poetarum
946 3863 1011 3910 usu
1036 3841 1155 3926 venit;
1185 3851 1227 3913 ut

119 3957 341 4030 narrationes
365 3955 458 4026 fictae
483 3957 528 4026 ad
555 3978 697 4027 scenam
723 3957 982 4030 narrationibus
1008 3979 1054 4028 ex
1081 3957 1227 4030 historia

153 4197 178 4238 ⁹¹
197 4198 264 4254 Just
287 4213 316 4252 as
340 4213 407 4252 cren
430 4212 492 4250 now
512 4193 586 4250 there
609 4211 653 4249 cre
693 4194 747 4250 had
763 4197 791 4250 in
806 4196 850 4251 bis
866 4195 940 4250 mind
957 4196 1004 4252 tha
1018 4149 1228 4268 persecutiones

115 4276 195 4332 tbosc
201 4273 289 4331 found
296 4273 358 4330 who
365 4292 402 4330 on
409 4273 526 4345 political
532 4271 653 4344 grounds
694 4273 804 4330 Galileo.

114 4351 400 4426 objcattoeduestiou.
431 4351 548 4423 Perhaps
561 4351 653 4406 bacon
