3078 5180
542 313 630 380 LIB.
653 316 835 401 1.67-69.
1206 318 1250 381 53

132 485 254 548 neant.
309 477 459 563 Verum,
476 481 572 573 quod
598 505 620 552 a
641 481 814 574 principio
832 479 996 564 diximus,
1014 491 1052 551 et
1071 491 1247 576 perpetuo

131 595 283 689 ammos,
306 600 425 670 sensui
453 607 491 670 et
517 599 717 671 intellectui
745 599 913 681 humano,
931 621 1125 691 eorumque
1150 599 1247 668 iufir-

131 713 263 798 mitati,
282 717 475 788 auctoritas
499 739 571 788 uon
597 725 653 787 est
678 717 890 811 deroganda,
917 716 979 786 sed
1002 715 1135 786 auxilia
1159 738 1246 809 prae-

131 827 262 900 benda

585 928 800 1006 ΙιΧὶῙΙΙΙ.26

182 1045 313 1141 Atque
349 1049 394 1120 de
426 1047 597 1122 idolorum
632 1049 779 1144 singulis
814 1050 1016 1144 generibus,
1051 1069 1245 1141 eorumque

132 1173 320 1258 apparatu,
331 1167 408 1259 Jam
426 1167 601 1251 diximus;
623 1191 704 1261 quae
722 1167 841 1238 omnia
857 1165 1034 1238 constanti
1051 1175 1089 1237 et
1106 1164 1243 1236 solenni

133 1281 283 1352 decreto
309 1290 395 1352 suut
420 1281 627 1378 abneganda
650 1291 689 1355 et
708 1281 959 1364 renuncianda
977 1290 1015 1351 et
1039 1279 1244 1352 intellectus

132 1397 178 1467 ab
203 1399 248 1469 iis
271 1399 417 1471 omniuo
442 1399 646 1472 liberandus
670 1408 725 1470 est
748 1407 786 1470 et
809 1397 1079 1492 expurgandum
1105 1405 1241 1467 utnon

132 1511 224 1586 alius
241 1515 320 1586 fere
341 1517 389 1587 sit
411 1517 530 1588 aditus
547 1517 591 1588 ad
609 1538 758 1611 regnum
777 1514 938 1598 hominis,
957 1514 1053 1607 quod
1071 1513 1244 1584 fundatur

132 1631 171 1702 in
188 1633 358 1716 scientiis,
376 1655 482 1726 quam
498 1632 543 1703 ad
561 1655 710 1727 regnum
728 1631 908 1715 coelomm,
923 1629 961 1701 ia
979 1628 1164 1726 quodnisi
1180 1625 1242 1701 aab

128 1771 282 1842 persocia
299 1747 458 1844 insanas,
476 1749 695 1820 intrarem
713 1744 860 1819 daura.

746 1929 775 1977 aa

182 2029 240 2102 At
263 2053 383 2125 pravae
407 1931 929 2116 demonstraldlffel'idomm·
945 2029 1055 2100 veluti
1072 2030 1241 2099 munitio·

132 2171 196 2220 nes
223 2149 385 2242 qnaedam
410 2159 494 2220 sunt
519 2159 557 2220 et
582 2149 763 2244 praesidia3
788 2169 918 2240 easque,
936 2169 1022 2239 quas
1048 2147 1084 2215 in
1109 2145 1240 2217 dialec-

133 2266 214 2336 ticis
237 2265 419 2350 hahemus,
438 2267 474 2336 id
498 2267 573 2338 fere
594 2277 716 2362 agunt,
735 2273 775 2335 ut
793 2262 967 2334 mnndum
984 2261 1089 2355 plane
1106 2262 1239 2356 cogita-

132 2381 292 2451 tionibus
321 2380 496 2466 hnmanis‚
522 2383 755 2476 cogitationes
782 2389 903 2451 autem
927 2378 1042 2450 verbis
1071 2377 1239 2449 addicant

131 2505 171 2568 at
187 2498 405 2592 mancipent.
457 2499 788 2571 Demonstrationes
806 2519 888 2566 sero
906 2495 1066 2588 potentia
1083 2495 1237 2587 quadam

131 2613 364 2709 philosophice
394 2616 475 2709 ipsse
499 2623 583 2686 sunt
612 2624 650 2686 ot
679 2613 846 2686 scientie.
899 2609 1032 2696 Quales
1061 2612 1157 2681 euim
1187 2635 1237 2682 eae
1349 2701 1354 2712 ι

130 2741 227 2815 sunt,
245 2755 286 2802 ac
304 2739 410 2826 prout
430 2733 499 2803 rite
521 2740 585 2803 aut
606 2730 700 2801 male
726 2729 908 2811 instituta,
926 2727 1015 2798 tales
1040 2738 1238 2821 sequuntur

130 2847 362 2943 philosophia
395 2853 434 2916 ct
467 2844 796 2939 contemplationes.
848 2841 994 2915 Fallunt
1031 2854 1164 2926 autem,
1199 2853 1237 2914 et

129 2967 416 3057 incompetentes
439 2972 523 3034 sunt
539 2985 599 3046 eae,
617 2963 746 3055 quibus
767 2963 905 3034 utimur
927 2960 964 3031 in
991 2961 1154 3032 universo
1174 2959 1236 3032 illo

128 3103 306 3174 processu,
334 3082 394 3174 qui
422 3105 444 3151 a
473 3103 577 3151 sensu
603 3093 641 3151 et
666 3079 771 3151 rebus
798 3079 897 3149 ducit
922 3078 967 3148 ad
993 3077 1172 3148 axiomata
1197 3086 1237 3148 et

128 3199 385 3270 conclusiones.
438 3196 510 3282 Qui
538 3198 682 3290 quidem
713 3216 894 3289 processus
922 3192 1144 3286 quadruplex
1170 3201 1235 3276 est,

128 3327 168 3388 ot
199 3316 286 3386 vitia
314 3316 391 3407 ejus
424 3313 586 3384 totidem.
639 3309 770 3394 Primo,
801 3309 1045 3402 impressiones
1079 3305 1236 3380 sensus²⁹

164 3485 192 3528 ²⁶
209 3487 238 3543 Is
256 3487 310 3543 this
327 3486 472 3558 Aphorism
490 3486 563 3558 quite
580 3485 608 3540 in
626 3483 661 3539 its
702 3492 750 3538 not
762 3484 826 3555 only
837 3483 922 3555 faulty
933 3479 987 3536 aud
1005 3481 1107 3535 mclcss
1119 3479 1235 3536 socient

126 3566 202 3639 right
214 3567 306 3637 place?
703 3560 855 3618 Deduction
876 3562 930 3630 (for
949 3559 1036 3615 which
1055 3577 1098 3614 scs
1118 3576 1193 3630 supr.
1210 3559 1233 3616 l.

163 3643 190 3685 ²7
209 3645 252 3700 Cl.
273 3644 310 3700 D.
327 3643 463 3700 Stswart’s
483 3643 603 3698 remarks
625 3660 660 3698 on
704 3636 1233 3711 rr-12.sndAppeudixB.),bntalso

127 3721 660 3780 Educationwithasiewtothisclcans·
701 3720 816 3774 Ancicnt
837 3717 990 3774 Induction.
1028 3715 1080 3770 For
1100 3715 1154 3771 this
1178 3717 1232 3772 and

125 3804 176 3874 ing
187 3810 237 3858 out
248 3801 280 3857 ol
292 3819 388 3856 eurora.
413 3800 483 3855 Phil.
496 3799 527 3854 ol
540 3799 586 3854 thc
599 3800 660 3854 Hu·
700 3797 743 3854 lor
752 3797 868 3853 Bacou’s
880 3815 941 3852 own
952 3795 1096 3852 Inductiou
1106 3812 1150 3850 scs
1160 3795 1231 3867 App.

126 3899 191 3937 man
205 3879 295 3944 Minu,
309 3879 412 3935 lutrod.
426 3878 464 3933 Il.
478 3881 529 3948 tr.
701 3877 738 3934 D.
751 3876 885 3933 andhaita
898 3876 921 3931 l.
936 3887 1065 3944 104,105.

162 3959 252 4015 “Sub
268 3975 382 4030 persona
392 3956 614 4012 nanterum
632 3963 660 4011 to
736 3955 762 3996 ²⁹
779 3961 797 3987 ‘¹
811 3955 1003 4026 Impressiones
1034 3969 1130 4009 sensus
1153 3952 1230 4008 vitio·

126 4038 228 4095 Maca.
240 4037 313 4093 xviii.
323 4055 350 4108 3.
700 4035 767 4090 soe.'’
803 4034 838 4089 lu
851 4052 886 4089 an
900 4031 1075 4106 sxaggsmtcd
1088 4048 1165 4086 sanae
1176 4030 1230 4086 this

162 4117 189 4158 ²⁸
207 4117 240 4173 ln
252 4116 306 4172 this
318 4115 463 4188 Aphorism
475 4132 515 4169 sss
530 4131 567 4186 go
583 4131 618 4169 on
631 4121 660 4168 to
700 4131 753 4169 was
777 4112 822 4168 the
843 4111 915 4168 basis
933 4113 964 4167 ol
984 4112 1032 4167 tha
1051 4110 1151 4165 Elantia
1175 4107 1229 4163 and

126 4195 250 4252 consider
270 4195 317 4250 the
336 4201 495 4266 “pervcm
516 4195 589 4264 legas
613 4191 659 4246 de·
700 4191 830 4263 Sceptical
855 4191 976 4263 dogmas.
1014 4189 1046 4244 ln
1070 4189 1105 4242 its
1129 4195 1230 4240 correct

125 4271 453 4332 monstrationum”-thc
473 4270 572 4328 second
591 4269 658 4326 divi-
699 4287 953 4340 scuacansccssary
965 4269 1081 4324 cantion.
1113 4263 1163 4318 Sec
1177 4263 1228 4333 Bp.

126 4355 185 4410 sion
207 4355 238 4409 ol
255 4353 330 4408 Idola
353 4353 468 4407 l'leatrs'.
504 4351 591 4406 'l'hcas
615 4367 658 4404 arc
701 4348 852 4419 Barkelay's
866 4347 944 4402 stris.
