3222 5148
599 341 690 412 LIB.
707 341 735 409 1.
754 363 826 420 120,
841 365 913 412 121.
1244 347 1306 412 117

208 505 368 602 emplum
391 507 579 579 creationis
604 508 742 593 divine,
767 509 862 604 quod
887 509 1013 604 saepius
1037 509 1204 594 diximus,
1228 533 1306 602 quae

208 625 322 717 primo
339 623 399 694 die
415 622 531 695 lucem
551 632 693 695 tanturn
711 625 892 720 produxit,
910 625 1014 717 eique
1037 625 1103 696 soli
1121 611 1234 697 unum
1252 628 1307 696 in·

208 748 350 835 tegrum
373 739 468 810 diem
494 741 670 826 attribuit,
688 763 804 834 neque
824 740 886 813 illo
904 742 963 812 die
979 741 1168 835 quicquam
1195 751 1307 814 mate-

207 857 288 929 riati
305 857 421 950 operis
437 858 639 930 immiscuit.

260 971 390 1065 Itaque
406 975 435 1043 si
452 973 532 1066 quis
548 973 747 1045 istiusmodi
764 997 819 1046 res
841 973 973 1046 nullius
989 997 1067 1046 esse
1084 995 1169 1045 usus
1191 981 1306 1067 putet.

207 1088 302 1160 idem
320 1089 455 1183 cogitat
479 1111 521 1160 ac
546 1090 575 1160 si
600 1089 739 1161 nullum
757 1092 867 1162 etiam
892 1089 983 1162 lucis
1006 1112 1083 1162 esse
1100 1112 1204 1160 usum
1224 1112 1307 1160 cen·

208 1212 295 1287 sest,
313 1205 397 1295 quia
412 1225 467 1274 res
484 1203 620 1277 scilicet
635 1203 747 1277 solida
763 1213 828 1276 aut
844 1204 1032 1276 materiate
1049 1227 1121 1274 non
1139 1205 1194 1276 sit.
1238 1202 1308 1274 At·

208 1342 279 1414 que
295 1341 418 1392 revere
434 1320 624 1391 dicendum
641 1329 706 1403 est,
723 1319 938 1414 simplicium
963 1328 1170 1392 naturarum
1188 1320 1308 1414 cogni-

207 1437 345 1507 tionem
362 1434 454 1507 bene
470 1435 709 1507 examinatam
726 1445 764 1506 et
781 1435 965 1506 delinitam
977 1437 1090 1506 instar
1102 1434 1194 1508 lucis
1212 1457 1305 1522 esse3

208 1575 285 1644 quae
301 1552 347 1624 ad
364 1552 528 1623 universa
544 1574 692 1644 operum
709 1550 903 1646 penetralia
919 1551 1058 1623 aditum
1076 1551 1230 1645 praebet3
1252 1563 1308 1624 st·

208 1691 279 1760 que
298 1677 376 1740 tota
396 1669 539 1762 agmina
555 1691 703 1762 operum
720 1677 758 1739 et
774 1676 917 1751 turmas,
936 1676 974 1738 et
998 1668 1218 1739 axiomatum
1245 1689 1307 1740 no·

208 1783 459 1856 bilissimorum
480 1783 605 1869 fontes,
623 1791 801 1877 potestate
819 1783 971 1875 quadem
990 1782 1250 1877 complectitur,
1269 1793 1308 1856 et

208 1909 290 1992 post
316 1921 354 1971 se
377 1900 507 1986 trebit3
533 1901 571 1970 in
597 1923 637 1971 se
659 1909 781 1971 tamen
807 1922 878 1970 non
904 1901 956 1970 ita
982 1901 1102 1994 magni
1128 1922 1213 1971 usus
1240 1907 1305 1972 est.

209 2016 306 2100 Quin
323 2025 362 2088 et
384 2015 567 2088 literamm
583 2015 762 2088 elementa
786 2037 850 2110 per
870 2037 908 2087 se
933 2023 972 2087 et
1000 2017 1190 2109 separatim
1216 2015 1307 2088 nibil

207 2133 420 2228 significent,
438 2155 505 2204 nec
521 2132 671 2225 alicujus
689 2153 772 2203 usus
788 2139 893 2215 sunt;
910 2131 973 2202 sed
991 2141 1111 2202 umen
1129 2131 1174 2202 ad
1192 2133 1308 2204 omnis

207 2251 379 2322 sermonis
404 2251 697 2343 compositionem
720 2256 759 2318 et
782 2255 990 2341 appemtum
1014 2248 1126 2318 instor
1145 2249 1307 2320 materiae

208 2367 330 2460 prima
356 2374 450 2437 sunt.
505 2364 625 2436 Etiam
652 2365 788 2436 semina
818 2385 946 2448 rerum,
973 2371 1151 2457 potestate
1180 2363 1306 2448 valida,

208 2505 275 2555 usu
293 2483 375 2572 (nisi
392 2483 428 2552 in
448 2504 611 2575 processu
627 2485 706 2575 suo)
723 2479 826 2551 uibili
843 2489 939 2552 sunt.
990 2476 1114 2574 Atque
1140 2480 1229 2552 lucis
1254 2482 1307 2575 ip·

206 2600 280 2670 sius
304 2598 393 2670 radii
419 2597 576 2692 dispersi,
600 2598 670 2668 nisi
695 2605 831 2682 coeant,
856 2597 1071 2670 beneficium
1101 2617 1207 2668 suum
1233 2619 1306 2667 non

206 2716 471 2809 impertiuntur.

256 2830 362 2915 Quod
388 2831 418 2901 si
444 2831 524 2922 quis
549 2827 805 2900 subtilitatibus
830 2828 1056 2922 speculativis
1085 2827 1304 2912 offendatur3
1342 2865 1350 2878 =

207 2947 293 3041 quid
311 2947 356 3020 de
373 2944 590 3018 scholasticis
606 2945 688 3016 viris
705 2945 896 3017 dicendum
918 2946 996 3029 erit,
1014 2947 1075 3037 qui
1099 2945 1307 3016 subtilitati·

203 3061 270 3135 bns
286 3064 500 3134 immensum
516 3059 764 3133 indulserunt?
790 3059 879 3144 Quae
895 3068 1018 3131 tamen
1035 3060 1252 3131 subtilitates
1266 3059 1306 3130 in

203 3178 330 3262 verbis,
347 3187 411 3250 aut
432 3177 560 3250 saltem
576 3176 778 3271 vulgaribus
798 3175 1014 3259 notionibus,
1034 3175 1143 3267 (quod
1161 3184 1306 3245 tantun·

202 3294 286 3366 dem
308 3294 418 3387 valet)
440 3317 511 3364 non
540 3295 578 3363 in
605 3292 711 3363 rebus
737 3300 799 3362 eut
830 3302 957 3364 ustura
986 3298 1203 3383 consumptae
1228 3290 1305 3362 fue-

202 3420 307 3498 runt;
332 3419 441 3503 atque
471 3409 637 3482 utilitatis
664 3417 830 3501 expertes
856 3415 968 3490 erant,
994 3429 1066 3477 non
1095 3414 1236 3477 tontum
1266 3407 1305 3478 in

202 3529 349 3623 origine,
366 3527 428 3597 sed
456 3527 565 3598 etiam
594 3526 633 3596 in
661 3525 942 3618 consequentiis:
968 3523 1059 3594 tales
1083 3532 1205 3594 cutem
1231 3547 1304 3596 non

201 3645 357 3729 fuerunt,
374 3652 416 3714 ut
439 3642 612 3715 baberent
634 3642 669 3712 in
693 3663 844 3736 praesens
865 3639 1059 3712 utilitatem
1077 3639 1222 3724 nullam,
1241 3643 1304 3714 sed

198 3893 275 3945 murt
285 3887 354 3962 keep
363 3887 509 3944 clearirom
518 3887 564 3943 the
575 3887 732 3960 impatience
771 3895 847 3943 mont
863 3904 895 3943 or
910 3886 964 3952 wit,
983 3903 1034 3942 nor
1049 3887 1082 3942 of
1096 3885 1200 3953 words3
1220 3887 1270 3943 but
1287 3905 1304 3944 s

199 3966 287 4023 ebich
316 3968 419 4022 follows
452 3965 567 4039 nothing
595 3967 645 4022 but
673 3966 732 4022 thet
770 3967 840 4021 keen
852 3965 954 4038 insight
965 3965 1022 4021 into
1033 3965 1100 4021 lacta
1109 3987 1119 4032 ς
1131 3983 1148 4022 a
1159 3967 1303 4039 quickncss

198 4045 290 4101 ebore
307 4044 464 4116 knowledge
474 4044 569 4117 brings
581 4044 732 4101 immediate
771 4043 800 4099 in
812 4044 946 4114 detecting
957 4043 1010 4098 and
1022 4045 1148 4115 rejecting
1156 4061 1249 4116 wrong
1260 4046 1303 4099 in·

198 4123 272 4189 iruit,
290 4140 323 4179 or
339 4123 397 4178 tbst
412 4123 501 4179 which
518 4122 649 4194 produces
668 4123 732 4195 only
772 4131 893 4189 stenem
911 4121 1076 4178 srecdincas
1094 4133 1122 4178 at
1138 4122 1231 4194 sitting
1249 4121 1304 4178 aud

198 4201 246 4258 tlte
256 4201 435 4274 unprotitable
451 4201 506 4258 and
522 4201 625 4258 burtful
636 4201 732 4257 thorus
771 4200 962 4273 inrcebguting
969 4222 978 4265 ς
990 4217 1007 4254 ι
1018 4199 1162 4272 sburpncsr
1172 4208 1200 4255 st
1212 4201 1304 4272 aedng

199 4281 231 4338 ol
239 4279 354 4353 disputo.
374 4279 411 4336 Sc
423 4281 540 4336 Bocon's
552 4286 570 4311 ‘¹
578 4279 731 4336 subtilitus”
771 4279 965 4336 resemblancea
972 4277 1203 4342 anddifferenceer
1216 4277 1303 4334 askill

198 4357 731 4432 intbisAphor'smisnotoneoiarssn·
771 4355 1002 4414 ctclasriticetion.
