<?xml version="1.0" encoding="UTF-8"?>
<!DOCTYPE html PUBLIC "-//W3C//DTD XHTML 1.0 Transitional//EN"
    "http://www.w3.org/TR/xhtml1/DTD/xhtml1-transitional.dtd">
<html xmlns="http://www.w3.org/1999/xhtml" xml:lang="en" lang="en">
 <head>
  <title>
</title>
<meta http-equiv="Content-Type" content="text/html;charset=utf-8" />
  <meta name='ocr-system' content='tesseract 3.04.00' />
  <meta name='ocr-capabilities' content='ocr_page ocr_carea ocr_par ocr_line ocrx_word'/>
</head>
<body>
  <div class='ocr_page' id='page_1' title='image "./franciscibaconi01kitcgoog_0290.png"; bbox 0 0 3268 5146; ppageno 0'>
   <div class='ocr_carea' id='block_1_1' title="bbox 642 367 1303 450">
    <p class='ocr_par' dir='ltr' id='par_1_1' title="bbox 642 367 1303 450">
     <span class='ocr_line' id='line_1_1' title="bbox 642 367 1303 450; baseline 0.006 -16"><span class='ocrx_word' id='word_1_1' title='bbox 642 367 730 434; x_wconf 85' lang='lat' dir='ltr'>LIB.</span> <span class='ocrx_word' id='word_1_2' title='bbox 748 369 791 434; x_wconf 89' lang='lat' dir='ltr'>ll.</span> <span class='ocrx_word' id='word_1_3' title='bbox 808 389 861 450; x_wconf 84' lang='lat'>40.</span> <span class='ocrx_word' id='word_1_4' title='bbox 1242 373 1303 439; x_wconf 71' lang='lat'>261</span> 
     </span>
    </p>
   </div>
   <div class='ocr_carea' id='block_1_2' title="bbox 202 525 1398 2600">
    <p class='ocr_par' dir='ltr' id='par_1_2' title="bbox 205 525 1307 738">
     <span class='ocr_line' id='line_1_2' title="bbox 205 525 1307 628; baseline 0.013 -34"><span class='ocrx_word' id='word_1_5' title='bbox 205 525 329 610; x_wconf 85' lang='lat' dir='ltr'>Quare</span> <span class='ocrx_word' id='word_1_6' title='bbox 345 525 382 596; x_wconf 91' lang='lat' dir='ltr'>in</span> <span class='ocrx_word' id='word_1_7' title='bbox 400 525 628 618; x_wconf 79' lang='lat' dir='ltr'>inquisitione</span> <span class='ocrx_word' id='word_1_8' title='bbox 654 531 747 602; x_wconf 86' lang='lat' dir='ltr'>circa</span> <span class='ocrx_word' id='word_1_9' title='bbox 771 531 972 628; x_wconf 88' lang='lat' dir='ltr'>hujusmodi</span> <span class='ocrx_word' id='word_1_10' title='bbox 997 557 1153 627; x_wconf 86' lang='lat' dir='ltr'>corpora,</span> <span class='ocrx_word' id='word_1_11' title='bbox 1176 535 1307 608; x_wconf 88' lang='lat' dir='ltr'>deduc·</span> 
     </span>
     <span class='ocr_line' id='line_1_3' title="bbox 209 641 714 738; baseline 0.008 -26"><span class='ocrx_word' id='word_1_12' title='bbox 209 641 366 715; x_wconf 81' lang='lat' dir='ltr'>tionibus</span> <span class='ocrx_word' id='word_1_13' title='bbox 383 645 527 714; x_wconf 91' lang='lat' dir='ltr'>omnino</span> <span class='ocrx_word' id='word_1_14' title='bbox 544 654 600 716; x_wconf 89' lang='lat' dir='ltr'>est</span> <span class='ocrx_word' id='word_1_15' title='bbox 616 668 714 738; x_wconf 93' lang='lat' dir='ltr'>opus.</span> 
     </span>
    </p>

    <p class='ocr_par' dir='ltr' id='par_1_3' title="bbox 203 757 1308 2020">
     <span class='ocr_line' id='line_1_4' title="bbox 259 757 1305 860; baseline 0.011 -31"><span class='ocrx_word' id='word_1_16' title='bbox 259 757 318 830; x_wconf 89' lang='lat' dir='ltr'>Sit</span> <span class='ocrx_word' id='word_1_17' title='bbox 334 761 455 853; x_wconf 88' lang='lat' dir='ltr'>itaque</span> <span class='ocrx_word' id='word_1_18' title='bbox 472 768 598 832; x_wconf 88' lang='lat' dir='ltr'>natura</span> <span class='ocrx_word' id='word_1_19' title='bbox 613 762 791 856; x_wconf 79' lang='lat' dir='ltr'>inquisitu,</span> <span class='ocrx_word' id='word_1_20' title='bbox 808 765 902 836; x_wconf 87' lang='lat' dir='ltr'>actio</span> <span class='ocrx_word' id='word_1_21' title='bbox 920 775 959 837; x_wconf 91' lang='lat' dir='ltr'>et</span> <span class='ocrx_word' id='word_1_22' title='bbox 975 774 1094 837; x_wconf 90' lang='lat' dir='ltr'>motus</span> <span class='ocrx_word' id='word_1_23' title='bbox 1119 767 1305 860; x_wconf 69' lang='lat' dir='ltr'>spiritus-³⁸,</span> 
     </span>
     <span class='ocr_line' id='line_1_5' title="bbox 205 875 1304 974; baseline 0.009 -28"><span class='ocrx_word' id='word_1_24' title='bbox 205 875 267 969; x_wconf 91' lang='lat' dir='ltr'>qui</span> <span class='ocrx_word' id='word_1_25' title='bbox 284 875 479 947; x_wconf 82' lang='lat' dir='ltr'>includitur</span> <span class='ocrx_word' id='word_1_26' title='bbox 501 877 538 948; x_wconf 92' lang='lat' dir='ltr'>in</span> <span class='ocrx_word' id='word_1_27' title='bbox 560 877 765 971; x_wconf 82' lang='lat' dir='ltr'>corporibus</span> <span class='ocrx_word' id='word_1_28' title='bbox 782 881 1021 974; x_wconf 88' lang='lat' dir='ltr'>tangibilibus.</span> <span class='ocrx_word' id='word_1_29' title='bbox 1073 881 1191 954; x_wconf 86' lang='lat' dir='ltr'>Omne</span> <span class='ocrx_word' id='word_1_30' title='bbox 1209 886 1304 956; x_wconf 88' lang='lat' dir='ltr'>enim</span> 
     </span>
     <span class='ocr_line' id='line_1_6' title="bbox 207 991 1307 1088; baseline 0.006 -24"><span class='ocrx_word' id='word_1_31' title='bbox 207 991 377 1088; x_wconf 79' lang='lat' dir='ltr'>tangibile</span> <span class='ocrx_word' id='word_1_32' title='bbox 400 991 494 1084; x_wconf 82' lang='lat' dir='ltr'>apud</span> <span class='ocrx_word' id='word_1_33' title='bbox 518 1015 582 1064; x_wconf 92' lang='lat' dir='ltr'>nos</span> <span class='ocrx_word' id='word_1_34' title='bbox 604 994 763 1065; x_wconf 90' lang='lat' dir='ltr'>continet</span> <span class='ocrx_word' id='word_1_35' title='bbox 786 994 950 1088; x_wconf 90' lang='lat' dir='ltr'>spiritum</span> <span class='ocrx_word' id='word_1_36' title='bbox 968 996 1180 1068; x_wconf 81' lang='lat' dir='ltr'>invisibilem</span> <span class='ocrx_word' id='word_1_37' title='bbox 1198 1011 1236 1071; x_wconf 91' lang='lat' dir='ltr'>et</span> <span class='ocrx_word' id='word_1_38' title='bbox 1253 1001 1307 1070; x_wconf 90' lang='lat' dir='ltr'>in·</span> 
     </span>
     <span class='ocr_line' id='line_1_7' title="bbox 204 1107 1306 1204; baseline 0.004 -22"><span class='ocrx_word' id='word_1_39' title='bbox 204 1107 376 1188; x_wconf 78' lang='lat' dir='ltr'>tantilem,</span> <span class='ocrx_word' id='word_1_40' title='bbox 390 1108 494 1200; x_wconf 88' lang='lat' dir='ltr'>eique</span> <span class='ocrx_word' id='word_1_41' title='bbox 511 1109 711 1193; x_wconf 87' lang='lat' dir='ltr'>obducitur,</span> <span class='ocrx_word' id='word_1_42' title='bbox 723 1119 832 1203; x_wconf 87' lang='lat' dir='ltr'>atque</span> <span class='ocrx_word' id='word_1_43' title='bbox 849 1134 932 1182; x_wconf 92' lang='lat' dir='ltr'>eum</span> <span class='ocrx_word' id='word_1_44' title='bbox 950 1114 1049 1204; x_wconf 89' lang='lat' dir='ltr'>quasi</span> <span class='ocrx_word' id='word_1_45' title='bbox 1064 1115 1182 1184; x_wconf 87' lang='lat' dir='ltr'>vestit.</span> <span class='ocrx_word' id='word_1_46' title='bbox 1210 1113 1306 1186; x_wconf 88' lang='lat' dir='ltr'>Hinc</span> 
     </span>
     <span class='ocr_line' id='line_1_8' title="bbox 205 1225 1306 1324; baseline 0.005 -28"><span class='ocrx_word' id='word_1_47' title='bbox 205 1226 284 1296; x_wconf 80' lang='lat' dir='ltr'>fons</span> <span class='ocrx_word' id='word_1_48' title='bbox 300 1225 432 1318; x_wconf 86' lang='lat' dir='ltr'>triplex</span> <span class='ocrx_word' id='word_1_49' title='bbox 448 1233 576 1318; x_wconf 88' lang='lat' dir='ltr'>potens</span> <span class='ocrx_word' id='word_1_50' title='bbox 592 1225 664 1310; x_wconf 89' lang='lat' dir='ltr'>ille,</span> <span class='ocrx_word' id='word_1_51' title='bbox 675 1235 713 1296; x_wconf 89' lang='lat' dir='ltr'>et</span> <span class='ocrx_word' id='word_1_52' title='bbox 729 1226 899 1298; x_wconf 87' lang='lat' dir='ltr'>mirabilis</span> <span class='ocrx_word' id='word_1_53' title='bbox 908 1250 1092 1323; x_wconf 74' lang='lat' dir='ltr'>prooessm</span> <span class='ocrx_word' id='word_1_54' title='bbox 1110 1231 1252 1324; x_wconf 86' lang='lat' dir='ltr'>spiritus</span> <span class='ocrx_word' id='word_1_55' title='bbox 1269 1234 1306 1302; x_wconf 87' lang='lat' dir='ltr'>in</span> 
     </span>
     <span class='ocr_line' id='line_1_9' title="bbox 204 1342 1308 1440; baseline 0.002 -24"><span class='ocrx_word' id='word_1_56' title='bbox 204 1365 349 1436; x_wconf 86' lang='lat' dir='ltr'>corpore</span> <span class='ocrx_word' id='word_1_57' title='bbox 366 1342 538 1436; x_wconf 75' lang='lat' dir='ltr'>tangibili.</span> <span class='ocrx_word' id='word_1_58' title='bbox 590 1343 742 1436; x_wconf 80' lang='lat' dir='ltr'>Spiritus</span> <span class='ocrx_word' id='word_1_59' title='bbox 764 1345 859 1414; x_wconf 88' lang='lat' dir='ltr'>enim</span> <span class='ocrx_word' id='word_1_60' title='bbox 885 1347 922 1415; x_wconf 91' lang='lat' dir='ltr'>iu</span> <span class='ocrx_word' id='word_1_61' title='bbox 949 1369 987 1415; x_wconf 91' lang='lat' dir='ltr'>re</span> <span class='ocrx_word' id='word_1_62' title='bbox 1012 1346 1186 1440; x_wconf 79' lang='lat' dir='ltr'>tangibili,</span> <span class='ocrx_word' id='word_1_63' title='bbox 1203 1349 1308 1419; x_wconf 91' lang='lat' dir='ltr'>emis-</span> 
     </span>
     <span class='ocr_line' id='line_1_10' title="bbox 205 1459 1308 1556; baseline 0.005 -25"><span class='ocrx_word' id='word_1_64' title='bbox 205 1482 274 1544; x_wconf 91' lang='lat' dir='ltr'>sus,</span> <span class='ocrx_word' id='word_1_65' title='bbox 304 1481 451 1552; x_wconf 87' lang='lat' dir='ltr'>corpora</span> <span class='ocrx_word' id='word_1_66' title='bbox 477 1459 656 1531; x_wconf 88' lang='lat' dir='ltr'>contrahit</span> <span class='ocrx_word' id='word_1_67' title='bbox 685 1469 723 1531; x_wconf 92' lang='lat' dir='ltr'>et</span> <span class='ocrx_word' id='word_1_68' title='bbox 753 1461 928 1546; x_wconf 82' lang='lat' dir='ltr'>desiccat;</span> <span class='ocrx_word' id='word_1_69' title='bbox 955 1463 1131 1546; x_wconf 88' lang='lat' dir='ltr'>detentus,</span> <span class='ocrx_word' id='word_1_70' title='bbox 1162 1485 1308 1556; x_wconf 87' lang='lat' dir='ltr'>corpora</span> 
     </span>
     <span class='ocr_line' id='line_1_11' title="bbox 204 1575 1307 1673; baseline 0.004 -27"><span class='ocrx_word' id='word_1_71' title='bbox 204 1577 383 1648; x_wconf 77' lang='lat' dir='ltr'>interierat</span> <span class='ocrx_word' id='word_1_72' title='bbox 405 1584 445 1646; x_wconf 92' lang='lat' dir='ltr'>et</span> <span class='ocrx_word' id='word_1_73' title='bbox 467 1575 656 1668; x_wconf 89' lang='lat' dir='ltr'>colliquat:</span> <span class='ocrx_word' id='word_1_74' title='bbox 684 1599 751 1648; x_wconf 88' lang='lat' dir='ltr'>nec</span> <span class='ocrx_word' id='word_1_75' title='bbox 776 1599 917 1670; x_wconf 85' lang='lat' dir='ltr'>pmrsus</span> <span class='ocrx_word' id='word_1_76' title='bbox 941 1578 1099 1660; x_wconf 88' lang='lat' dir='ltr'>emissus,</span> <span class='ocrx_word' id='word_1_77' title='bbox 1118 1600 1185 1649; x_wconf 90' lang='lat' dir='ltr'>nec</span> <span class='ocrx_word' id='word_1_78' title='bbox 1210 1603 1307 1673; x_wconf 89' lang='lat' dir='ltr'>pror-</span> 
     </span>
     <span class='ocr_line' id='line_1_12' title="bbox 203 1691 1306 1790; baseline 0.004 -26"><span class='ocrx_word' id='word_1_79' title='bbox 203 1715 263 1764; x_wconf 91' lang='lat' dir='ltr'>sus</span> <span class='ocrx_word' id='word_1_80' title='bbox 292 1693 468 1775; x_wconf 86' lang='lat' dir='ltr'>detentus,</span> <span class='ocrx_word' id='word_1_81' title='bbox 496 1692 674 1775; x_wconf 85' lang='lat' dir='ltr'>informat,</span> <span class='ocrx_word' id='word_1_82' title='bbox 703 1691 949 1778; x_wconf 84' lang='lat' dir='ltr'>membrilicat,</span> <span class='ocrx_word' id='word_1_83' title='bbox 974 1694 1154 1778; x_wconf 72' lang='lat' dir='ltr'>assimilat,</span> <span class='ocrx_word' id='word_1_84' title='bbox 1182 1697 1306 1790; x_wconf 86' lang='lat' dir='ltr'>egerit,</span> 
     </span>
     <span class='ocr_line' id='line_1_13' title="bbox 203 1808 1306 1905; baseline 0.003 -23"><span class='ocrx_word' id='word_1_85' title='bbox 203 1810 394 1905; x_wconf 73' lang='lat' dir='ltr'>organizat,</span> <span class='ocrx_word' id='word_1_86' title='bbox 412 1817 450 1880; x_wconf 91' lang='lat' dir='ltr'>et</span> <span class='ocrx_word' id='word_1_87' title='bbox 466 1809 605 1879; x_wconf 87' lang='lat' dir='ltr'>similia.</span> <span class='ocrx_word' id='word_1_88' title='bbox 648 1808 772 1903; x_wconf 90' lang='lat' dir='ltr'>Atque</span> <span class='ocrx_word' id='word_1_89' title='bbox 790 1809 864 1880; x_wconf 86' lang='lat' dir='ltr'>hoec</span> <span class='ocrx_word' id='word_1_90' title='bbox 881 1811 1000 1880; x_wconf 89' lang='lat' dir='ltr'>omnia</span> <span class='ocrx_word' id='word_1_91' title='bbox 1018 1810 1244 1884; x_wconf 88' lang='lat' dir='ltr'>deducuntur</span> <span class='ocrx_word' id='word_1_92' title='bbox 1260 1814 1306 1885; x_wconf 89' lang='lat' dir='ltr'>ad</span> 
     </span>
     <span class='ocr_line' id='line_1_14' title="bbox 205 1923 846 2020; baseline -0.003 -22"><span class='ocrx_word' id='word_1_93' title='bbox 205 1925 369 1998; x_wconf 83' lang='lat' dir='ltr'>sensibile</span> <span class='ocrx_word' id='word_1_94' title='bbox 385 1947 450 2020; x_wconf 90' lang='lat' dir='ltr'>per</span> <span class='ocrx_word' id='word_1_95' title='bbox 465 1923 614 1996; x_wconf 83' lang='lat' dir='ltr'>effeetus</span> <span class='ocrx_word' id='word_1_96' title='bbox 630 1926 846 2018; x_wconf 87' lang='lat' dir='ltr'>conspicuos.</span> 
     </span>
    </p>

    <p class='ocr_par' dir='ltr' id='par_1_4' title="bbox 202 2040 1398 2600">
     <span class='ocr_line' id='line_1_15' title="bbox 254 2040 1306 2139; baseline 0.007 -28"><span class='ocrx_word' id='word_1_97' title='bbox 254 2040 400 2114; x_wconf 84' lang='lat' dir='ltr'>Etenim</span> <span class='ocrx_word' id='word_1_98' title='bbox 423 2043 460 2112; x_wconf 92' lang='lat' dir='ltr'>in</span> <span class='ocrx_word' id='word_1_99' title='bbox 481 2041 579 2112; x_wconf 90' lang='lat' dir='ltr'>omni</span> <span class='ocrx_word' id='word_1_100' title='bbox 597 2063 742 2134; x_wconf 89' lang='lat' dir='ltr'>corpore</span> <span class='ocrx_word' id='word_1_101' title='bbox 759 2041 921 2136; x_wconf 76' lang='lat' dir='ltr'>tangibili</span> <span class='ocrx_word' id='word_1_102' title='bbox 939 2043 1143 2126; x_wconf 86' lang='lat' dir='ltr'>inanimato,</span> <span class='ocrx_word' id='word_1_103' title='bbox 1161 2045 1306 2139; x_wconf 90' lang='lat' dir='ltr'>spiritus</span> 
     </span>
     <span class='ocr_line' id='line_1_16' title="bbox 203 2157 1307 2255; baseline 0.004 -27"><span class='ocrx_word' id='word_1_104' title='bbox 203 2157 360 2232; x_wconf 89' lang='lat' dir='ltr'>inclusus</span> <span class='ocrx_word' id='word_1_105' title='bbox 377 2160 490 2250; x_wconf 90' lang='lat' dir='ltr'>primo</span> <span class='ocrx_word' id='word_1_106' title='bbox 507 2157 723 2252; x_wconf 88' lang='lat' dir='ltr'>multiplicat</span> <span class='ocrx_word' id='word_1_107' title='bbox 746 2179 793 2242; x_wconf 87' lang='lat' dir='ltr'>se,</span> <span class='ocrx_word' id='word_1_108' title='bbox 811 2165 850 2228; x_wconf 89' lang='lat' dir='ltr'>et</span> <span class='ocrx_word' id='word_1_109' title='bbox 866 2170 1036 2252; x_wconf 88' lang='lat' dir='ltr'>tanquam</span> <span class='ocrx_word' id='word_1_110' title='bbox 1054 2161 1213 2253; x_wconf 83' lang='lat' dir='ltr'>depascit</span> <span class='ocrx_word' id='word_1_111' title='bbox 1228 2186 1307 2255; x_wconf 86' lang='lat' dir='ltr'>par·</span> 
     </span>
     <span class='ocr_line' id='line_1_17' title="bbox 203 2273 1398 2369; baseline 0.002 -22"><span class='ocrx_word' id='word_1_112' title='bbox 203 2284 259 2347; x_wconf 90' lang='lat' dir='ltr'>tes</span> <span class='ocrx_word' id='word_1_113' title='bbox 275 2273 464 2369; x_wconf 88' lang='lat' dir='ltr'>tangibiles</span> <span class='ocrx_word' id='word_1_114' title='bbox 480 2297 548 2358; x_wconf 86' lang='lat' dir='ltr'>eas,</span> <span class='ocrx_word' id='word_1_115' title='bbox 567 2297 645 2366; x_wconf 84' lang='lat' dir='ltr'>quae</span> <span class='ocrx_word' id='word_1_116' title='bbox 670 2283 753 2344; x_wconf 91' lang='lat' dir='ltr'>sunt</span> <span class='ocrx_word' id='word_1_117' title='bbox 778 2274 936 2346; x_wconf 86' lang='lat' dir='ltr'>maxime</span> <span class='ocrx_word' id='word_1_118' title='bbox 960 2275 1006 2346; x_wconf 88' lang='lat' dir='ltr'>ad</span> <span class='ocrx_word' id='word_1_119' title='bbox 1031 2274 1100 2346; x_wconf 87' lang='lat' dir='ltr'>hoc</span> <span class='ocrx_word' id='word_1_120' title='bbox 1125 2276 1246 2348; x_wconf 77' lang='lat' dir='ltr'>faciles</span> <span class='ocrx_word' id='word_1_121' title='bbox 1267 2287 1306 2349; x_wconf 92' lang='lat' dir='ltr'>et</span> <span class='ocrx_word' id='word_1_122' title='bbox 1393 2281 1398 2296; x_wconf 83' lang='grc'><strong>“</strong></span> 
     </span>
     <span class='ocr_line' id='line_1_18' title="bbox 203 2390 1306 2487; baseline 0.002 -25"><span class='ocrx_word' id='word_1_123' title='bbox 203 2399 424 2485; x_wconf 78' lang='lat' dir='ltr'>preparatae3</span> <span class='ocrx_word' id='word_1_124' title='bbox 450 2413 579 2482; x_wconf 85' lang='lat' dir='ltr'>easque</span> <span class='ocrx_word' id='word_1_125' title='bbox 600 2390 739 2484; x_wconf 76' lang='lat' dir='ltr'>digerit,</span> <span class='ocrx_word' id='word_1_126' title='bbox 757 2399 794 2462; x_wconf 89' lang='lat' dir='ltr'>et</span> <span class='ocrx_word' id='word_1_127' title='bbox 818 2392 971 2474; x_wconf 84' lang='lat' dir='ltr'>conficit,</span> <span class='ocrx_word' id='word_1_128' title='bbox 990 2401 1028 2462; x_wconf 91' lang='lat' dir='ltr'>et</span> <span class='ocrx_word' id='word_1_129' title='bbox 1045 2393 1153 2464; x_wconf 86' lang='lat' dir='ltr'>vertit</span> <span class='ocrx_word' id='word_1_130' title='bbox 1175 2395 1213 2464; x_wconf 91' lang='lat' dir='ltr'>in</span> <span class='ocrx_word' id='word_1_131' title='bbox 1236 2396 1306 2487; x_wconf 92' lang='lat' dir='ltr'>spi·</span> 
     </span>
     <span class='ocr_line' id='line_1_19' title="bbox 202 2505 1306 2600; baseline 0.004 -22"><span class='ocrx_word' id='word_1_132' title='bbox 202 2509 324 2594; x_wconf 90' lang='lat' dir='ltr'>ritum,</span> <span class='ocrx_word' id='word_1_133' title='bbox 342 2517 380 2578; x_wconf 91' lang='lat' dir='ltr'>et</span> <span class='ocrx_word' id='word_1_134' title='bbox 398 2505 526 2578; x_wconf 89' lang='lat' dir='ltr'>deinde</span> <span class='ocrx_word' id='word_1_135' title='bbox 543 2529 615 2578; x_wconf 88' lang='lat' dir='ltr'>una</span> <span class='ocrx_word' id='word_1_136' title='bbox 631 2506 785 2578; x_wconf 86' lang='lat' dir='ltr'>evolant.</span> <span class='ocrx_word' id='word_1_137' title='bbox 837 2505 960 2600; x_wconf 87' lang='lat' dir='ltr'>Atque</span> <span class='ocrx_word' id='word_1_138' title='bbox 981 2509 1055 2580; x_wconf 83' lang='lat' dir='ltr'>haeo</span> <span class='ocrx_word' id='word_1_139' title='bbox 1072 2511 1249 2582; x_wconf 86' lang='lat' dir='ltr'>confectio</span> <span class='ocrx_word' id='word_1_140' title='bbox 1267 2520 1306 2582; x_wconf 91' lang='lat' dir='ltr'>et</span> 
     </span>
    </p>
   </div>
   <div class='ocr_carea' id='block_1_3' title="bbox 202 2622 1305 2953">
    <p class='ocr_par' dir='ltr' id='par_1_5' title="bbox 202 2622 1305 2953">
     <span class='ocr_line' id='line_1_20' title="bbox 202 2622 1305 2720; baseline 0.004 -26"><span class='ocrx_word' id='word_1_141' title='bbox 202 2623 453 2717; x_wconf 77' lang='lat' dir='ltr'>multiplicatio</span> <span class='ocrx_word' id='word_1_142' title='bbox 469 2623 612 2716; x_wconf 90' lang='lat' dir='ltr'>spiritus</span> <span class='ocrx_word' id='word_1_143' title='bbox 628 2622 818 2695; x_wconf 88' lang='lat' dir='ltr'>deducitur</span> <span class='ocrx_word' id='word_1_144' title='bbox 840 2624 885 2695; x_wconf 92' lang='lat' dir='ltr'>ad</span> <span class='ocrx_word' id='word_1_145' title='bbox 909 2647 1052 2696; x_wconf 91' lang='lat' dir='ltr'>sonsum</span> <span class='ocrx_word' id='word_1_146' title='bbox 1070 2650 1134 2720; x_wconf 92' lang='lat' dir='ltr'>per</span> <span class='ocrx_word' id='word_1_147' title='bbox 1149 2627 1305 2698; x_wconf 87' lang='lat' dir='ltr'>diminu-</span> 
     </span>
     <span class='ocr_line' id='line_1_21' title="bbox 202 2738 1303 2838; baseline 0.004 -25"><span class='ocrx_word' id='word_1_148' title='bbox 202 2741 339 2814; x_wconf 88' lang='lat' dir='ltr'>tionem</span> <span class='ocrx_word' id='word_1_149' title='bbox 366 2738 542 2834; x_wconf 87' lang='lat' dir='ltr'>ponderis.</span> <span class='ocrx_word' id='word_1_150' title='bbox 594 2739 639 2810; x_wconf 93' lang='lat' dir='ltr'>In</span> <span class='ocrx_word' id='word_1_151' title='bbox 662 2742 759 2810; x_wconf 90' lang='lat' dir='ltr'>omni</span> <span class='ocrx_word' id='word_1_152' title='bbox 785 2742 879 2812; x_wconf 89' lang='lat' dir='ltr'>enim</span> <span class='ocrx_word' id='word_1_153' title='bbox 908 2741 1144 2816; x_wconf 83' lang='lat' dir='ltr'>desiccatione</span> <span class='ocrx_word' id='word_1_154' title='bbox 1170 2745 1303 2838; x_wconf 81' lang='lat' dir='ltr'>aliquid</span> 
     </span>
     <span class='ocr_line' id='line_1_22' title="bbox 202 2857 1303 2953; baseline 0.005 -25"><span class='ocrx_word' id='word_1_155' title='bbox 202 2857 327 2929; x_wconf 87' lang='lat' dir='ltr'>defluit</span> <span class='ocrx_word' id='word_1_156' title='bbox 350 2857 397 2928; x_wconf 91' lang='lat' dir='ltr'>de</span> <span class='ocrx_word' id='word_1_157' title='bbox 412 2864 566 2949; x_wconf 81' lang='lat' dir='ltr'>quant03</span> <span class='ocrx_word' id='word_1_158' title='bbox 592 2879 709 2949; x_wconf 85' lang='lat' dir='ltr'>nequo</span> <span class='ocrx_word' id='word_1_159' title='bbox 735 2857 772 2928; x_wconf 91' lang='lat' dir='ltr'>id</span> <span class='ocrx_word' id='word_1_160' title='bbox 799 2858 916 2951; x_wconf 92' lang='lat' dir='ltr'>ipsum</span> <span class='ocrx_word' id='word_1_161' title='bbox 943 2882 989 2930; x_wconf 89' lang='lat' dir='ltr'>ex</span> <span class='ocrx_word' id='word_1_162' title='bbox 1013 2860 1137 2953; x_wconf 90' lang='lat' dir='ltr'>spiritu</span> <span class='ocrx_word' id='word_1_163' title='bbox 1162 2871 1303 2933; x_wconf 89' lang='lat' dir='ltr'>tantum</span> 
     </span>
    </p>
   </div>
   <div class='ocr_carea' id='block_1_4' title="bbox 200 2972 1304 3180">
    <p class='ocr_par' dir='ltr' id='par_1_6' title="bbox 200 2972 1304 3180">
     <span class='ocr_line' id='line_1_23' title="bbox 200 2972 1304 3074; baseline 0.003 -30"><span class='ocrx_word' id='word_1_164' title='bbox 200 2973 500 3066; x_wconf 84' lang='lat' dir='ltr'>praeinexistente,</span> <span class='ocrx_word' id='word_1_165' title='bbox 518 2972 581 3044; x_wconf 90' lang='lat' dir='ltr'>sed</span> <span class='ocrx_word' id='word_1_166' title='bbox 607 2995 653 3044; x_wconf 86' lang='lat' dir='ltr'>ex</span> <span class='ocrx_word' id='word_1_167' title='bbox 679 2995 824 3065; x_wconf 87' lang='lat' dir='ltr'>corpore</span> <span class='ocrx_word' id='word_1_168' title='bbox 849 2975 944 3067; x_wconf 92' lang='lat' dir='ltr'>quod</span> <span class='ocrx_word' id='word_1_169' title='bbox 972 2976 1067 3067; x_wconf 88' lang='lat' dir='ltr'>prius</span> <span class='ocrx_word' id='word_1_170' title='bbox 1093 2977 1163 3047; x_wconf 84' lang='lat' dir='ltr'>fuit</span> <span class='ocrx_word' id='word_1_171' title='bbox 1188 2980 1304 3074; x_wconf 85' lang='lat' dir='ltr'>tangi-</span> 
     </span>
     <span class='ocr_line' id='line_1_24' title="bbox 200 3087 1304 3180; baseline 0 -21"><span class='ocrx_word' id='word_1_172' title='bbox 200 3087 285 3172; x_wconf 91' lang='lat' dir='ltr'>bile,</span> <span class='ocrx_word' id='word_1_173' title='bbox 302 3096 341 3159; x_wconf 91' lang='lat' dir='ltr'>et</span> <span class='ocrx_word' id='word_1_174' title='bbox 357 3087 496 3158; x_wconf 80' lang='lat' dir='ltr'>noviter</span> <span class='ocrx_word' id='word_1_175' title='bbox 512 3108 653 3158; x_wconf 86' lang='lat' dir='ltr'>vorsum</span> <span class='ocrx_word' id='word_1_176' title='bbox 670 3094 743 3156; x_wconf 89' lang='lat' dir='ltr'>est:</span> <span class='ocrx_word' id='word_1_177' title='bbox 770 3087 933 3178; x_wconf 90' lang='lat' dir='ltr'>spiritum</span> <span class='ocrx_word' id='word_1_178' title='bbox 957 3087 1053 3158; x_wconf 92' lang='lat' dir='ltr'>enim</span> <span class='ocrx_word' id='word_1_179' title='bbox 1074 3109 1146 3157; x_wconf 90' lang='lat' dir='ltr'>non</span> <span class='ocrx_word' id='word_1_180' title='bbox 1171 3088 1304 3180; x_wconf 88' lang='lat' dir='ltr'>ponde·</span> 
     </span>
    </p>
   </div>
   <div class='ocr_carea' id='block_1_5' title="bbox 196 3339 1303 3884">
    <p class='ocr_par' dir='ltr' id='par_1_7' title="bbox 196 3339 1303 3884">
     <span class='ocr_line' id='line_1_25' title="bbox 233 3339 1303 3414; baseline 0.001 -17"><span class='ocrx_word' id='word_1_181' title='bbox 233 3342 260 3383; x_wconf 79' lang='lat'>⁸⁸</span> <span class='ocrx_word' id='word_1_182' title='bbox 272 3340 322 3398; x_wconf 82' lang='lat' dir='ltr'>Sss</span> <span class='ocrx_word' id='word_1_183' title='bbox 330 3341 353 3397; x_wconf 94' lang='lat'>1.</span> <span class='ocrx_word' id='word_1_184' title='bbox 361 3355 397 3414; x_wconf 84' lang='lat'>50</span> <span class='ocrx_word' id='word_1_185' title='bbox 405 3339 542 3411; x_wconf 68' lang='lat' dir='ltr'>(numos).</span> <span class='ocrx_word' id='word_1_186' title='bbox 560 3339 627 3396; x_wconf 83' lang='lat' dir='ltr'>&#39;l&#39;his</span> <span class='ocrx_word' id='word_1_187' title='bbox 636 3339 729 3396; x_wconf 80' lang='lat' dir='ltr'>search</span> <span class='ocrx_word' id='word_1_188' title='bbox 771 3339 924 3396; x_wconf 84' lang='lat' dir='ltr'>Pantheism</span> <span class='ocrx_word' id='word_1_189' title='bbox 931 3362 940 3405; x_wconf 66' lang='grc' dir='ltr'><strong>ς</strong></span> <span class='ocrx_word' id='word_1_190' title='bbox 953 3339 1006 3396; x_wconf 82' lang='lat' dir='ltr'>and</span> <span class='ocrx_word' id='word_1_191' title='bbox 1016 3341 1039 3395; x_wconf 91' lang='lat' dir='ltr'>is</span> <span class='ocrx_word' id='word_1_192' title='bbox 1051 3357 1126 3396; x_wconf 89' lang='lat' dir='ltr'>mors</span> <span class='ocrx_word' id='word_1_193' title='bbox 1133 3341 1187 3396; x_wconf 84' lang='lat' dir='ltr'>like</span> <span class='ocrx_word' id='word_1_194' title='bbox 1196 3359 1212 3396; x_wconf 83' lang='lat' dir='ltr'>a</span> <span class='ocrx_word' id='word_1_195' title='bbox 1220 3341 1303 3398; x_wconf 77' lang='lat' dir='ltr'>uude</span> 
     </span>
     <span class='ocr_line' id='line_1_26' title="bbox 199 3417 1300 3491; baseline 0 -13"><span class='ocrx_word' id='word_1_196' title='bbox 199 3421 266 3478; x_wconf 73' lang='lat' dir='ltr'>mer</span> <span class='ocrx_word' id='word_1_197' title='bbox 277 3419 426 3476; x_wconf 58' lang='lat' dir='ltr'>denatum</span> <span class='ocrx_word' id='word_1_198' title='bbox 437 3420 468 3475; x_wconf 74' lang='grc' dir='ltr'>οἱ</span> <span class='ocrx_word' id='word_1_199' title='bbox 478 3419 622 3491; x_wconf 76' lang='lat' dir='ltr'>“spirits&#39;’</span> <span class='ocrx_word' id='word_1_200' title='bbox 634 3436 688 3474; x_wconf 81' lang='lat' dir='ltr'>was</span> <span class='ocrx_word' id='word_1_201' title='bbox 699 3417 728 3472; x_wconf 89' lang='lat' dir='ltr'>in</span> <span class='ocrx_word' id='word_1_202' title='bbox 769 3419 823 3474; x_wconf 85' lang='lat' dir='ltr'>and</span> <span class='ocrx_word' id='word_1_203' title='bbox 835 3419 948 3476; x_wconf 85' lang='lat' dir='ltr'>obscure</span> <span class='ocrx_word' id='word_1_204' title='bbox 966 3421 1121 3491; x_wconf 82' lang='lat' dir='ltr'>conception</span> <span class='ocrx_word' id='word_1_205' title='bbox 1140 3421 1171 3474; x_wconf 78' lang='lat' dir='ltr'>ot</span> <span class='ocrx_word' id='word_1_206' title='bbox 1189 3419 1300 3478; x_wconf 80' lang='lat' dir='ltr'>Electri·</span> 
     </span>
     <span class='ocr_line' id='line_1_27' title="bbox 198 3497 1301 3573; baseline -0.002 -17"><span class='ocrx_word' id='word_1_207' title='bbox 198 3501 319 3573; x_wconf 79' lang='lat' dir='ltr'>reslitya</span> <span class='ocrx_word' id='word_1_208' title='bbox 336 3498 428 3554; x_wconf 87' lang='lat' dir='ltr'>search</span> <span class='ocrx_word' id='word_1_209' title='bbox 442 3497 483 3554; x_wconf 86' lang='lat' dir='ltr'>ior</span> <span class='ocrx_word' id='word_1_210' title='bbox 498 3498 544 3553; x_wconf 89' lang='lat' dir='ltr'>ths</span> <span class='ocrx_word' id='word_1_211' title='bbox 562 3497 690 3569; x_wconf 84' lang='lat' dir='ltr'>principle</span> <span class='ocrx_word' id='word_1_212' title='bbox 701 3497 733 3551; x_wconf 78' lang='lat' dir='ltr'>oi</span> <span class='ocrx_word' id='word_1_213' title='bbox 770 3497 832 3569; x_wconf 83' lang='lat' dir='ltr'>city,</span> <span class='ocrx_word' id='word_1_214' title='bbox 856 3497 910 3552; x_wconf 85' lang='lat' dir='ltr'>and</span> <span class='ocrx_word' id='word_1_215' title='bbox 934 3514 1047 3569; x_wconf 75' lang='lat' dir='ltr'>gessum</span> <span class='ocrx_word' id='word_1_216' title='bbox 1078 3498 1209 3569; x_wconf 54' lang='lat' dir='ltr'>agencim</span> <span class='ocrx_word' id='word_1_217' title='bbox 1234 3498 1301 3554; x_wconf 85' lang='lat' dir='ltr'>than</span> 
     </span>
     <span class='ocr_line' id='line_1_28' title="bbox 198 3575 1301 3648; baseline 0.001 -15"><span class='ocrx_word' id='word_1_218' title='bbox 198 3577 257 3634; x_wconf 80' lang='lat' dir='ltr'>liis</span> <span class='ocrx_word' id='word_1_219' title='bbox 274 3577 488 3633; x_wconf 80' lang='lat' dir='ltr'>in“Animsts”</span> <span class='ocrx_word' id='word_1_220' title='bbox 504 3575 691 3648; x_wconf 82' lang='lat' dir='ltr'>objsots-but</span> <span class='ocrx_word' id='word_1_221' title='bbox 707 3576 729 3630; x_wconf 90' lang='lat' dir='ltr'>it</span> <span class='ocrx_word' id='word_1_222' title='bbox 769 3576 857 3648; x_wconf 85' lang='lat' dir='ltr'>ought</span> <span class='ocrx_word' id='word_1_223' title='bbox 874 3577 935 3632; x_wconf 85' lang='lat' dir='ltr'>else.</span> <span class='ocrx_word' id='word_1_224' title='bbox 971 3576 1013 3632; x_wconf 89' lang='grc' dir='ltr'>Το</span> <span class='ocrx_word' id='word_1_225' title='bbox 1033 3577 1163 3633; x_wconf 77' lang='lat' dir='ltr'>illustrato</span> <span class='ocrx_word' id='word_1_226' title='bbox 1184 3577 1301 3634; x_wconf 76' lang='lat' dir='ltr'>Bucon’s</span> 
     </span>
     <span class='ocr_line' id='line_1_29' title="bbox 198 3653 1302 3726; baseline 0 -14"><span class='ocrx_word' id='word_1_227' title='bbox 198 3673 253 3712; x_wconf 78' lang='lat' dir='ltr'>tras</span> <span class='ocrx_word' id='word_1_228' title='bbox 273 3658 331 3712; x_wconf 84' lang='lat' dir='ltr'>also</span> <span class='ocrx_word' id='word_1_229' title='bbox 351 3674 440 3711; x_wconf 87' lang='lat' dir='ltr'>mors:</span> <span class='ocrx_word' id='word_1_230' title='bbox 459 3655 501 3710; x_wconf 79' lang='lat' dir='ltr'>for</span> <span class='ocrx_word' id='word_1_231' title='bbox 519 3655 611 3710; x_wconf 87' lang='lat' dir='ltr'>Bucen</span> <span class='ocrx_word' id='word_1_232' title='bbox 632 3655 728 3726; x_wconf 87' lang='lat' dir='ltr'>speaks</span> <span class='ocrx_word' id='word_1_233' title='bbox 769 3654 910 3725; x_wconf 73' lang='lat' dir='ltr'>langunga</span> <span class='ocrx_word' id='word_1_234' title='bbox 930 3653 944 3709; x_wconf 94' lang='lat'>1</span> <span class='ocrx_word' id='word_1_235' title='bbox 965 3671 1028 3726; x_wconf 85' lang='lat' dir='ltr'>may</span> <span class='ocrx_word' id='word_1_236' title='bbox 1044 3664 1157 3711; x_wconf 84' lang='lat' dir='ltr'>venture</span> <span class='ocrx_word' id='word_1_237' title='bbox 1175 3656 1254 3726; x_wconf 82' lang='lat' dir='ltr'>sgsin</span> <span class='ocrx_word' id='word_1_238' title='bbox 1273 3665 1302 3712; x_wconf 81' lang='lat' dir='ltr'>to</span> 
     </span>
     <span class='ocr_line' id='line_1_30' title="bbox 197 3732 1301 3805; baseline 0.001 -15"><span class='ocrx_word' id='word_1_239' title='bbox 197 3735 272 3790; x_wconf 83' lang='lat' dir='ltr'>oltcn</span> <span class='ocrx_word' id='word_1_240' title='bbox 289 3734 320 3789; x_wconf 80' lang='lat' dir='ltr'>oi</span> <span class='ocrx_word' id='word_1_241' title='bbox 336 3734 382 3789; x_wconf 87' lang='lat' dir='ltr'>tho</span> <span class='ocrx_word' id='word_1_242' title='bbox 398 3733 527 3805; x_wconf 74' lang='lat' dir='ltr'>“spirit”</span> <span class='ocrx_word' id='word_1_243' title='bbox 543 3734 572 3788; x_wconf 92' lang='lat' dir='ltr'>in</span> <span class='ocrx_word' id='word_1_244' title='bbox 592 3733 664 3788; x_wconf 90' lang='lat' dir='ltr'>Iron.</span> <span class='ocrx_word' id='word_1_245' title='bbox 702 3732 729 3787; x_wconf 88' lang='lat' dir='ltr'>It</span> <span class='ocrx_word' id='word_1_246' title='bbox 769 3741 850 3804; x_wconf 87' lang='lat' dir='ltr'>quoto</span> <span class='ocrx_word' id='word_1_247' title='bbox 876 3733 1001 3790; x_wconf 86' lang='lat' dir='ltr'>Miltou&#39;s</span> <span class='ocrx_word' id='word_1_248' title='bbox 1030 3733 1154 3791; x_wconf 76' lang='lat' dir='ltr'>Paradiss</span> <span class='ocrx_word' id='word_1_249' title='bbox 1179 3734 1253 3800; x_wconf 78' lang='lat' dir='ltr'>lost,</span> <span class='ocrx_word' id='word_1_250' title='bbox 1275 3753 1301 3791; x_wconf 84' lang='lat' dir='ltr'>r.</span> 
     </span>
     <span class='ocr_line' id='line_1_31' title="bbox 196 3809 831 3884; baseline -0.003 -15"><span class='ocrx_word' id='word_1_251' title='bbox 196 3813 221 3869; x_wconf 86' lang='lat' dir='ltr'>is</span> <span class='ocrx_word' id='word_1_252' title='bbox 241 3812 364 3869; x_wconf 86' lang='lat' dir='ltr'>horrsrsr</span> <span class='ocrx_word' id='word_1_253' title='bbox 381 3829 445 3884; x_wconf 82' lang='lat' dir='ltr'>very</span> <span class='ocrx_word' id='word_1_254' title='bbox 464 3812 504 3866; x_wconf 83' lang='lat' dir='ltr'>iar</span> <span class='ocrx_word' id='word_1_255' title='bbox 524 3810 594 3866; x_wconf 82' lang='lat' dir='ltr'>from</span> <span class='ocrx_word' id='word_1_256' title='bbox 614 3809 728 3865; x_wconf 82' lang='lat' dir='ltr'>modern</span> <span class='ocrx_word' id='word_1_257' title='bbox 768 3811 831 3881; x_wconf 78' lang='lat'><strong>48⁴·</strong></span> 
     </span>
    </p>
   </div>
   <div class='ocr_carea' id='block_1_6' title="bbox 337 3904 1048 4434">
    <p class='ocr_par' dir='ltr' id='par_1_8' title="bbox 337 3904 1048 4434">
     <span class='ocr_line' id='line_1_32' title="bbox 516 3904 881 3963; baseline 0 -1"><span class='ocrx_word' id='word_1_258' title='bbox 516 3913 535 3938; x_wconf 89' lang='lat'><strong>“</strong></span> <span class='ocrx_word' id='word_1_259' title='bbox 545 3907 659 3962; x_wconf 68' lang='lat' dir='ltr'>Florus</span> <span class='ocrx_word' id='word_1_260' title='bbox 671 3905 725 3962; x_wconf 87' lang='lat' dir='ltr'>aud</span> <span class='ocrx_word' id='word_1_261' title='bbox 736 3904 805 3962; x_wconf 83' lang='lat' dir='ltr'>their</span> <span class='ocrx_word' id='word_1_262' title='bbox 816 3907 881 3963; x_wconf 81' lang='lat' dir='ltr'>fruit</span> 
     </span>
     <span class='ocr_line' id='line_1_33' title="bbox 339 3984 1048 4058; baseline 0.001 -17"><span class='ocrx_word' id='word_1_263' title='bbox 339 3986 431 4042; x_wconf 82' lang='lat' dir='ltr'>Mau&#39;s</span> <span class='ocrx_word' id='word_1_264' title='bbox 442 3986 638 4050; x_wconf 86' lang='lat' dir='ltr'>nourishment,</span> <span class='ocrx_word' id='word_1_265' title='bbox 651 3985 688 4057; x_wconf 82' lang='lat' dir='ltr'>by</span> <span class='ocrx_word' id='word_1_266' title='bbox 699 3984 811 4058; x_wconf 80' lang='lat' dir='ltr'>gradual</span> <span class='ocrx_word' id='word_1_267' title='bbox 823 3987 893 4042; x_wconf 83' lang='lat' dir='ltr'>scale</span> <span class='ocrx_word' id='word_1_268' title='bbox 905 3985 1048 4052; x_wconf 87' lang='lat' dir='ltr'>sublimed,</span> 
     </span>
     <span class='ocr_line' id='line_1_34' title="bbox 341 4064 846 4135; baseline 0.004 -16"><span class='ocrx_word' id='word_1_269' title='bbox 341 4065 378 4119; x_wconf 74' lang='lat' dir='ltr'>lb</span> <span class='ocrx_word' id='word_1_270' title='bbox 389 4065 457 4119; x_wconf 83' lang='lat' dir='ltr'>situl</span> <span class='ocrx_word' id='word_1_271' title='bbox 468 4064 569 4135; x_wconf 73' lang='lat' dir='ltr'>Spiritu</span> <span class='ocrx_word' id='word_1_272' title='bbox 579 4064 674 4135; x_wconf 82' lang='lat' dir='ltr'>aspiro,</span> <span class='ocrx_word' id='word_1_273' title='bbox 687 4073 716 4119; x_wconf 90' lang='lat' dir='ltr'>to</span> <span class='ocrx_word' id='word_1_274' title='bbox 727 4064 846 4129; x_wconf 79' lang='lat' dir='ltr'>Animal,</span> 
     </span>
     <span class='ocr_line' id='line_1_35' title="bbox 337 4143 921 4214; baseline -0.002 -16"><span class='ocrx_word' id='word_1_275' title='bbox 337 4143 380 4199; x_wconf 76' lang='lat' dir='ltr'>’l&#39;o</span> <span class='ocrx_word' id='word_1_276' title='bbox 390 4143 552 4198; x_wconf 78' lang='lat' dir='ltr'>intellectual</span> <span class='ocrx_word' id='word_1_277' title='bbox 563 4143 624 4214; x_wconf 85' lang='lat' dir='ltr'>give</span> <span class='ocrx_word' id='word_1_278' title='bbox 634 4143 701 4199; x_wconf 92' lang='lat' dir='ltr'>both</span> <span class='ocrx_word' id='word_1_279' title='bbox 712 4143 757 4198; x_wconf 83' lang='lat' dir='ltr'>lise</span> <span class='ocrx_word' id='word_1_280' title='bbox 769 4143 823 4200; x_wconf 85' lang='lat' dir='ltr'>and</span> <span class='ocrx_word' id='word_1_281' title='bbox 835 4161 921 4208; x_wconf 82' lang='lat' dir='ltr'>sense,</span> 
     </span>
     <span class='ocr_line' id='line_1_36' title="bbox 339 4220 994 4294; baseline 0.002 -17"><span class='ocrx_word' id='word_1_282' title='bbox 339 4221 429 4294; x_wconf 76' lang='lat' dir='ltr'>Fanup</span> <span class='ocrx_word' id='word_1_283' title='bbox 440 4221 493 4276; x_wconf 80' lang='lat' dir='ltr'>aud</span> <span class='ocrx_word' id='word_1_284' title='bbox 504 4220 733 4294; x_wconf 73' lang='lat' dir='ltr'>understanding3</span> <span class='ocrx_word' id='word_1_285' title='bbox 751 4223 860 4278; x_wconf 82' lang='lat' dir='ltr'>whence</span> <span class='ocrx_word' id='word_1_286' title='bbox 870 4221 916 4277; x_wconf 88' lang='lat' dir='ltr'>the</span> <span class='ocrx_word' id='word_1_287' title='bbox 927 4220 994 4278; x_wconf 85' lang='lat' dir='ltr'>Scul</span> 
     </span>
     <span class='ocr_line' id='line_1_37' title="bbox 340 4299 965 4371; baseline 0.002 -16"><span class='ocrx_word' id='word_1_288' title='bbox 340 4299 446 4355; x_wconf 81' lang='lat' dir='ltr'>lissscu</span> <span class='ocrx_word' id='word_1_289' title='bbox 458 4299 580 4364; x_wconf 83' lang='lat' dir='ltr'>receives,</span> <span class='ocrx_word' id='word_1_290' title='bbox 592 4299 645 4354; x_wconf 86' lang='lat' dir='ltr'>aud</span> <span class='ocrx_word' id='word_1_291' title='bbox 660 4299 764 4356; x_wconf 75' lang='lat' dir='ltr'>lisason</span> <span class='ocrx_word' id='word_1_292' title='bbox 775 4302 804 4357; x_wconf 91' lang='lat' dir='ltr'>in</span> <span class='ocrx_word' id='word_1_293' title='bbox 816 4300 865 4357; x_wconf 86' lang='lat' dir='ltr'>her</span> <span class='ocrx_word' id='word_1_294' title='bbox 877 4299 965 4371; x_wconf 83' lang='lat' dir='ltr'>Bsing</span> 
     </span>
     <span class='ocr_line' id='line_1_38' title="bbox 340 4375 704 4434; baseline -0.003 0"><span class='ocrx_word' id='word_1_295' title='bbox 340 4375 494 4434; x_wconf 83' lang='lat' dir='ltr'>Discursirs</span> <span class='ocrx_word' id='word_1_296' title='bbox 505 4395 537 4433; x_wconf 91' lang='lat' dir='ltr'>or</span> <span class='ocrx_word' id='word_1_297' title='bbox 549 4379 704 4434; x_wconf 86' lang='lat' dir='ltr'>lutuitive.”</span> 
     </span>
    </p>
   </div>
   <div class='ocr_carea' id='block_1_7' title="bbox 0 0 1638 5146">
    <p class='ocr_par' dir='ltr' id='par_1_9' title="bbox 0 0 1638 5146">
     <span class='ocr_line' id='line_1_39' title="bbox 0 0 1638 5146; baseline 0 2"><span class='ocrx_word' id='word_1_298' title='bbox 0 0 1638 5146; x_wconf 95' lang='lat' dir='ltr'> </span> 
     </span>
    </p>
   </div>
  </div>
 </body>
</html>
