3268 5146
665 331 882 420 n1a.u.35.
987 297 990 302 ’
1259 335 1324 400 aaa

264 494 438 568 Similiter
454 495 501 566 sit
517 500 646 566 natura
661 495 838 588 inquisita,
851 495 1002 590 pondus.
1029 493 1097 568 Est
1111 494 1218 592 plane
1236 495 1324 566 diri-

223 610 275 684 sio
291 617 455 704 reoapta;
473 618 516 681 ut
531 609 641 682 densa
657 617 695 681 et
713 609 826 682 solida
843 611 1002 682 forantur
1019 631 1140 682 versus
1157 617 1322 682 osutrum

223 734 335 808 terra,
352 749 430 798 rara
445 733 567 798 autem
585 733 624 796 et
639 727 763 796 tenuia
778 748 902 798 versus
925 726 1102 798 ambitum
1119 726 1220 810 ooeli;
1245 735 1325 798 tan·

224 865 332 934 qnam
356 843 403 914 ad
428 841 507 914 lona
532 864 596 914 sua
619 843 771 934 propria.
820 839 946 936 Atque
972 842 1050 914 lona
1074 843 1169 935 quod
1193 844 1325 915 attinet

225 956 328 1051 (lioat
344 959 381 1029 in
398 955 528 1029 scholio
544 957 746 1049 hujusmodi
763 979 821 1030 rea
838 957 994 1052 valeant)
1011 958 1117 1051 plane
1140 959 1264 1051 inepta
1286 967 1325 1030 et

224 1072 369 1168 puerilis
385 1074 556 1168 oop'tatio
573 1081 638 1157 est,
656 1072 775 1144 lorum
792 1073 928 1167 aliquid
945 1095 1059 1167 pomo.
1109 1073 1239 1165 Itaque
1260 1096 1325 1144 uu·

223 1196 355 1284 gantur
369 1188 581 1284 philosophi,
599 1211 682 1260 oum
700 1189 835 1272 dieunt,
853 1191 962 1282 quod,
981 1191 1010 1261 si
1029 1189 1208 1282 perforata
1231 1200 1326 1262 emet

224 1312 329 1388 terra,
346 1327 493 1398 oorpora
517 1304 637 1399 gravia
662 1326 701 1377 sa
726 1306 892 1376 astarent
907 1306 1049 1398 quando
1067 1313 1213 1376 ventum
1232 1315 1326 1379 earet

224 1421 270 1492 ad
287 1427 462 1492 oentrum.
506 1418 611 1492 Faset
627 1421 724 1492 enim
742 1428 840 1492 oerte
857 1421 1056 1494 danorum
1073 1419 1178 1514 plane
1195 1428 1234 1492 et
1250 1421 1326 1494 effi·

225 1558 291 1608 anx
315 1557 428 1630 genus
452 1534 566 1619 nihili,
591 1545 655 1607 aut
679 1537 803 1628 punoti
828 1534 1114 1620 mathematici³;
1140 1537 1236 1628 quod
1261 1545 1326 1609 aut

225 1651 294 1723 ulia
318 1651 485 1735 afficeret,
501 1659 566 1722 aut
590 1673 709 1723 narsus
728 1653 824 1744 quod
849 1652 918 1724 alia
943 1659 1174 1746 appeterent:
1200 1675 1327 1747 eorpus

225 1768 324 1841 enim
340 1791 413 1840 non
429 1769 498 1840 uisi
514 1790 538 1839 a
553 1789 699 1861 corpore
716 1769 862 1862 patitur.
904 1769 1043 1844 Verum
1058 1771 1128 1842 iste
1145 1771 1327 1863 appetitus

226 1884 441 1956 asoondendi
471 1889 510 1957 et
541 1883 790 1968 demandandi,
819 1892 883 1956 aut
915 1893 972 1956 eat
1003 1883 1043 1955 iu
1076 1883 1327 1958 schematismo

226 2000 381 2093 oorporla
397 2000 493 2092 qnod
509 2007 685 2084 moretur,
702 2000 821 2071 autin
838 2000 1038 2095 sympathia
1063 2001 1137 2071 sive
1154 2023 1327 2073 oonseum

227 2138 311 2188 oum
335 2113 405 2186 alio
430 2136 588 2208 oorpore.
640 2114 746 2200 Quod
773 2116 1021 2188 siinreniatur
1037 2115 1181 2208 aliquod
1199 2138 1327 2209 eorpus

227 2232 378 2303 densum
402 2238 441 2304 at
466 2231 631 2315 solidum,
648 2231 744 2324 quod
769 2230 1000 2303 nihilomiuus
1024 2253 1096 2303 nou
1123 2231 1257 2302 feratur
1280 2231 1327 2302 ad

228 2357 382 2431 terram;
408 2345 640 2417 oonfunditur
656 2346 859 2440 hujusmodi
876 2346 1013 2418 divisio.
1063 2344 1117 2416 At
1133 2347 1162 2417 si
1180 2347 1327 2440 reoipia-

227 2470 288 2533 tur
304 2463 423 2554 opinio
441 2459 626 2548 Gilberti⁴,
644 2463 740 2556 quod
764 2463 966 2557 magnetica
982 2461 1035 2533 vis
1053 2469 1154 2532 terras
1179 2462 1224 2532 ad
1249 2462 1327 2534 alli-

228 2578 396 2650 oiendum
423 2578 553 2672 gravia,
578 2601 650 2649 non
677 2579 892 2651 extendatur
916 2578 1011 2651 ultra
1036 2579 1158 2650 orbern
1184 2580 1327 2650 virtutis

228 2717 311 2779 snoe,
338 2697 431 2786 (quae
456 2701 623 2787 operatur
648 2717 790 2788 semper
815 2696 860 2766 ad
888 2695 1093 2767 distantiam
1120 2701 1328 2779 sanamur

229 2832 301 2881 non
318 2808 439 2900 ultra)
457 2808 595 2902 hooque
618 2831 682 2904 per
702 2809 857 2902 aliquam
884 2811 1091 2882 instantiam
1108 2810 1330 2897 verifioetur3

228 2947 274 2998 ea
298 2925 443 2996 demum
460 2925 530 2997 erit
547 2923 716 2996 instantiis
729 2923 882 3020 foedmh
907 2927 1000 2997 oiroa
1024 2926 1093 2996 lroo
1117 2925 1329 3019 subjeetum.

231 3041 362 3133 Neque
379 3050 500 3112 tamen
517 3041 670 3112 occurrit
687 3041 1002 3133 impraesentiarum
1028 3040 1146 3133 aliqua
1162 3041 1331 3112 instantia

228 3179 335 3252 super
351 3156 420 3228 hoo
436 3165 534 3228 osma
551 3164 589 3226 et
605 3154 804 3227 manifesta.
857 3154 1026 3226 Proxime
1042 3155 1211 3226 videntur
1231 3177 1331 3228 aoce-

230 3276 316 3346 dare
332 3283 517 3348 cataraotae
534 3273 626 3356 ooeli,
637 3295 715 3366 quae
730 3273 766 3342 in
784 3271 1069 3366 navigationibus
1084 3294 1149 3364 per
1159 3293 1331 3342 ooeannm

229 3389 457 3462 Atlanticum
476 3411 595 3461 versus
613 3388 735 3462 Indiae
752 3397 920 3482 utrasque
945 3410 1037 3481 saepe
1055 3387 1332 3482 conspiciuntur.

230 3505 346 3580 Tanta
370 3507 466 3580 anim
493 3505 734 3578 videturesse
759 3503 813 3576 vis
837 3513 876 3576 et
902 3501 1015 3576 moles
1043 3525 1226 3597 aquarum,
1252 3525 1331 3596 quoe

230 3645 295 3720 per
310 3620 511 3717 hansmodi
529 3628 722 3694 cataractas
747 3620 865 3692 subito
887 3619 1091 3704 ellirnditur,
1109 3627 1151 3692 ut
1168 3619 1334 3692 videatur

263 3855 360 3912 ⁸'l'lrir
378 3856 403 3910 ia
421 3853 705 3919 carlomandtour
723 3854 761 3910 al·
801 3847 1334 3910 ‘lhaancirntnotionolrlhsoloealo-

228 3935 453 3992 mortlndiarunr
470 3935 612 4006 langrrnge.
648 3932 704 3988 But
721 3949 761 3988 rra
801 3930 1102 4005 anparerrsdrojmt
1118 3928 1335 3995 abominata

228 4021 303 4069 must
322 4012 470 4068 remambar
492 4012 616 4068 Sanam’s
635 4011 760 4067 “Veniat
799 4009 886 4066 lound
899 4007 1173 4080 amoueri„
1186 4009 1269 4063 Auso.
1284 4007 1333 4063 lV.

228 4099 344 4162 tempus,
374 4107 430 4164 quo
459 4092 557 4162 posteri
589 4090 674 4145 nostri
702 4098 758 4146 tarn
798 4105 883 4160 urg.

229 4170 510 4242 apertanornarriissr
521 4167 759 4224 numum-und
835 4167 850 4208 ⁴
867 4165 971 4222 Gilbart
991 4166 1015 4219 ir
1035 4164 1100 4218 hera
1120 4160 1274 4220 manumet
1295 4161 1333 4216 nl·

229 4247 289 4304 that
308 4265 359 4304 our
376 4247 462 4304 better
482 4246 694 4303 informationis
713 4246 760 4302 the
799 4253 873 4302 mort
895 4244 960 4300 with
984 4251 1097 4314 respuet
1142 4240 1185 4296 Ol.
1210 4255 1284 4310 supr.
1311 4239 1334 4294 l.

232 4333 250 4358 ‘¹
268 4336 360 4398 partus
390 4327 517 4400 temporis
547 4343 602 4382 non
632 4325 761 4398 inpaniiss’
802 4337 845 4393 54.
