3222 5148
656 373 745 439 LIB.
768 373 816 438 11.
835 393 884 440 ιι.
1258 371 1322 438 165

221 555 354 629 genere
381 532 531 606 ulterius
556 533 807 625 inquirendum
833 541 900 618 est,
923 539 1045 602 utmm
1071 555 1226 626 corpora,
1248 557 1326 626 quae

222 649 438 720 emittuntur
453 671 499 720 ox
516 649 701 735 machinis,
715 649 849 742 (qualia
865 657 948 719 sunt
965 648 1044 740 pilae
1057 671 1104 719 ex
1122 649 1324 740 tormentis)

222 787 294 836 non
322 787 368 836 ox
397 767 473 858 ipsa
500 765 724 858 percussione
749 764 960 836 contrahant
989 762 1145 857 aliquem
1174 766 1325 859 gradum

222 880 369 963 oaloris;
395 881 486 952 adeo
502 889 544 951 ut
560 887 750 972 postquam
766 880 975 963 deciderint,
993 881 1222 951 inveniantur
1237 903 1327 951 non·

222 994 313 1068 nihil
329 995 454 1067 ualida.
497 994 553 1066 At
569 998 629 1067 adr
644 1006 764 1066 motus
781 997 894 1088 magis
910 995 1093 1089 infrigidat
1110 1017 1217 1086 quam
1235 995 1327 1066 eale·

222 1111 328 1196 feoit;
353 1112 449 1182 utin
465 1113 593 1194 ventis,
611 1121 649 1182 et
666 1109 819 1193 follibus,
837 1121 876 1183 et
897 1110 983 1181 flatu
1010 1111 1079 1181 oris
1102 1107 1324 1181 eontraoti⁷⁰.

223 1224 364 1300 Verum
387 1227 590 1320 hujusmodi
614 1233 734 1298 motus
758 1250 831 1298 non
857 1236 912 1298 eet
934 1235 1008 1298 tam
1034 1225 1177 1321 rapidus
1200 1237 1242 1298 ut
1262 1249 1326 1298 ex·

223 1343 311 1412 eitet
328 1340 502 1424 calorem
527 1349 565 1412 et
582 1339 624 1411 fit
640 1343 837 1413 seeundum
855 1351 984 1423 totum,
1002 1365 1075 1412 non
1093 1364 1156 1435 per
1172 1345 1326 1436 partiou-

222 1456 293 1528 las:
319 1465 362 1528 ut
377 1457 506 1528 mirum
525 1481 596 1528 non
614 1459 670 1541 sit,
688 1458 717 1527 si
735 1478 806 1529 non
823 1467 974 1553 generet
990 1457 1157 1530 calorem.

547 1627 611 1701 Ad
626 1628 792 1701 decimam
808 1630 998 1725 septimam.

273 1753 334 1818 23.
360 1745 464 1818 Cirea
495 1745 587 1817 hanc
621 1747 828 1817 instantiam
858 1747 1021 1818 facienda
1054 1755 1109 1818 est
1143 1746 1325 1839 inquisitio

222 1861 438 1957 diligentior.
489 1859 671 1932 Videntur
694 1863 790 1931 enim
813 1861 931 1932 berbae
955 1872 993 1932 et
1014 1862 1228 1956 vegetabilis
1245 1863 1326 1933 viri-

222 1979 281 2050 dia
297 1988 335 2050 et
350 1977 499 2049 humida
515 1975 647 2069 aliquid
667 1975 797 2049 habere
814 1978 851 2046 iu
868 1999 906 2049 se
924 1977 1055 2048 oooulti
1073 1978 1208 2050 oaloris.
1256 1977 1325 2052 Ille

222 2118 306 2166 vero
323 2093 419 2166 calor
434 2103 509 2164 tam
526 2094 644 2165 teuuis
661 2103 726 2178 est,
745 2103 787 2164 ut
804 2095 840 2163 in
857 2091 1004 2188 siugulis
1021 2117 1092 2164 non
1112 2097 1325 2189 percipiatur

222 2212 267 2283 ad
285 2220 441 2282 tactum:
468 2232 591 2280 verum
615 2219 803 2304 postquam
827 2209 890 2281 illa
913 2210 1069 2281 adunata
1092 2211 1162 2282 sint
1185 2221 1224 2282 et
1240 2236 1325 2282 oon·

222 2327 329 2410 olusa,
348 2335 389 2396 ut
406 2326 549 2418 spiritus
571 2325 728 2418 ipsorum
752 2347 822 2394 non
846 2327 987 2418 expiret
1004 2326 1041 2394 in
1058 2327 1187 2410 adrem,
1205 2328 1266 2398 sed
1285 2351 1323 2399 so

221 2445 374 2514 invioem
391 2437 566 2525 foveat⁷¹;
593 2451 672 2511 tum
689 2463 773 2511 vero
797 2441 910 2512 oritur
933 2441 1029 2512 oalor
1050 2442 1268 2526 manifestus,
1285 2453 1323 2514 et

222 2581 477 2653 nonnunquam
494 2557 637 2629 flamma
653 2559 689 2628 in
708 2559 856 2628 materia
872 2581 1037 2652 congrua

558 2727 622 2800 Ad
637 2728 803 2801 &dmum
821 2739 983 2802 octavum.

273 2852 333 2919 24.
359 2845 480 2919 Etiam
498 2847 592 2918 eirea
608 2846 700 2916 hano
716 2847 922 2917 instantiam
940 2845 1144 2941 diligentior
1161 2849 1323 2921 faoieuda

222 2971 277 3034 est
301 2962 492 3057 inquisitio.
544 2958 702 3031 Videtur
727 2961 823 3030 enim
850 2957 930 3030 eulx
948 2960 1038 3042 viva,
1056 2982 1148 3051 aqua
1172 2985 1321 3056 asperae,

222 3079 408 3171 ooneipero
438 3075 612 3158 oalorem3
639 3074 696 3146 vel
727 3083 870 3168 propter
898 3076 1067 3146 unionem
1099 3074 1234 3161 caloris,
1260 3079 1322 3169 qui

221 3203 328 3267 anteo
345 3192 614 3276 distrahebatur,
633 3190 690 3280 (ut
711 3199 795 3262 ante
819 3191 955 3260 dietum
974 3199 1028 3261 est
1045 3191 1163 3262 herbis
1179 3192 1323 3263 conclu·

255 3432 282 3476 ⁷⁰
293 3433 392 3489 Bodies
403 3432 513 3505 passing
520 3429 638 3503 through
646 3429 695 3484 Air
702 3429 750 3484 be·
791 3428 930 3500 corerings
942 3428 973 3483 oi
982 3431 1051 3484 wool
1062 3445 1093 3484 or
1105 3429 1175 3484 akin.
1198 3435 1217 3462 “
1226 3431 1267 3486 lm
1279 3449 1321 3487 se.

219 3529 296 3570 some
314 3513 363 3567 bot
379 3512 417 3584 by
427 3511 598 3566 iristion—-as
615 3509 747 3562 Meteors:
789 3507 909 3564 eundum
918 3515 1015 3573 totum,
1023 3525 1077 3562 non
1090 3525 1137 3578 per
1147 3509 1321 3579 partimlfly’

219 3591 271 3647 but
282 3591 332 3646 Air
345 3591 375 3645 in
387 3589 493 3644 Motion
508 3605 601 3643 musea
619 3587 749 3651 eoolueas,
790 3585 833 3658 By
848 3585 912 3651 this,
932 3584 945 3639 l
965 3603 1089 3657 suppose,
1109 3585 1200 3642 Bacon
1218 3605 1320 3654 means,

218 3669 333 3726 boum
344 3669 376 3723 of
384 3669 419 3723 its
430 3667 553 3739 oarryiug
563 3666 606 3721 off
612 3664 658 3720 the
671 3664 749 3720 Calo·
788 3665 811 3719 it
828 3663 919 3719 affeetu
935 3663 980 3718 the
992 3665 1077 3719 whole
1095 3663 1168 3736 body
1178 3667 1321 3738 generally,

218 3749 258 3804 rie
281 3747 312 3802 of
332 3746 379 3801 the
402 3745 489 3817 Body.
538 3744 597 3800 'l'ho
620 3743 750 3799 radiation
789 3741 843 3798 and
864 3741 928 3797 does
950 3752 998 3797 aot
1016 3759 1095 3798 ennae
1114 3743 1220 3798 friction
1238 3745 1270 3799 oi
1286 3746 1322 3800 its

218 3827 250 3882 ot
278 3825 350 3881 liant
379 3824 449 3880 from
476 3841 493 3878 a
521 3823 595 3894 body
623 3823 646 3877 is
676 3839 750 3877 more
790 3829 908 3892 separate
925 3821 1055 3891 particlea.
1091 3821 1325 3880 Thisviewisof

218 3903 295 3977 rapid
307 3903 385 3959 when
398 3903 444 3958 the
457 3901 528 3958 lieet
544 3902 568 3957 is
586 3901 749 3973 continnally
790 3917 884 3955 course
895 3917 997 3972 wrong.

219 3983 301 4055 being
330 3979 454 4036 removed
483 3980 520 4052 by
546 3997 563 4034 a
588 3987 696 4034 eumont
721 3979 753 4034 oi
824 3977 848 4018 ⁷¹
864 3977 901 4032 So
920 3977 1002 4049 damp
1020 3977 1143 4048 bayriclra
1162 3995 1206 4033 ars
1225 3987 1266 4033 aet
1284 3997 1321 4036 on

218 4062 276 4126 hir,
297 4060 351 4116 aad
371 4058 417 4114 tbs
436 4058 607 4132 equilibrium
626 4057 657 4112 oi
679 4056 750 4111 lleat
790 4055 845 4110 bre.
880 4055 939 4110 'l'he
954 4057 1025 4111 aloes
1042 4055 1221 4110 confinement
1233 4057 1264 4110 of
1272 4056 1322 4112 tir

216 4136 477 4212 tbmsbybinderod.
507 4135 749 4207 'lbeoontraryei-
790 4143 889 4188 creatos
903 4143 978 4205 great
998 4133 1085 4199 llmt3
1104 4132 1157 4187 und
1174 4133 1247 4188 there
1265 4136 1321 4189 isa

216 4219 271 4275 fect
281 4218 305 4274 ia
316 4215 453 4290 produod
465 4215 543 4270 arhen
559 4214 605 4268 the
619 4213 750 4268 radiation
790 4229 898 4284 prooem
918 4213 949 4268 oi
969 4212 1153 4268 sementation
1177 4212 1261 4284 going
1283 4229 1321 4267 on

217 4297 249 4354 ol
260 4297 332 4353 lieet
343 4296 413 4351 from
429 4293 521 4350 bodies
533 4293 556 4348 is
567 4291 689 4364 impeded
702 4291 748 4360 (ei.
789 4291 855 4345 also.

217 4391 301 4448 supra
319 4373 387 4430 lust.
404 4373 447 4446 ¹9)
467 4372 504 4445 by
516 4370 591 4427 thick
608 4369 661 4427 and
679 4371 750 4426 close
