3222 5148
267 587 302 663 9.
329 583 425 656 Sunt
441 585 602 678 quaedum
620 522 892 670 coruscationesi
908 609 988 681 quoe
1009 585 1169 681 praebont
1186 587 1320 676 lumen,

216 699 280 771 sed
296 723 369 773 non
387 711 517 772 urunt:
543 725 595 773 ere
611 725 697 775 vero
713 725 854 796 sempor
871 703 965 774 liunt
981 703 1059 775 sine
1074 705 1210 776 tonitru
1219 705 1258 776 ⁵³.

655 873 720 947 Ad
733 874 900 971 quintam.

269 996 329 1062 10.
357 989 607 1063 Eruotntiones
620 1001 659 1064 et
672 993 877 1086 eruptiones
894 991 1116 1064 flammarum
1133 993 1321 1067 inveniun-

216 1115 277 1176 tur
301 1131 372 1178 non
398 1108 517 1179 minus
542 1111 580 1179 ln
604 1109 808 1204 regionibus
831 1109 968 1204 frigidis
986 1132 1092 1202 quum
1108 1109 1253 1195 calidis;
1278 1121 1321 1183 ut

217 1223 254 1292 iu
272 1221 429 1296 Islnndiu
446 1234 485 1297 et
503 1225 764 1298 Groenlundia:
791 1226 1093 1318 quemadmodum
1117 1235 1155 1298 et
1177 1225 1320 1300 arbores

216 1361 280 1431 per
296 1340 459 1435 regiones
481 1341 625 1436 frigidus
647 1345 761 1438 magis
783 1355 866 1414 sunt
890 1343 1101 1438 quandoque
1124 1343 1322 1418 inflammo·

216 1453 319 1540 biles,
342 1467 381 1527 et
405 1459 519 1554 magis
543 1461 652 1554 picen
676 1483 718 1532 no
743 1461 915 1546 resinous,
937 1483 1044 1553 quam
1070 1484 1134 1554 per
1158 1463 1321 1556 regiones

217 1571 366 1656 calidam
393 1581 435 1644 ut
460 1573 502 1646 fit
531 1576 568 1645 in
598 1573 725 1658 abiete,
749 1576 845 1669 pinu,
874 1584 912 1646 et
942 1574 1104 1668 reliquis:
1131 1597 1254 1647 verum
1281 1575 1319 1647 in

217 1686 310 1782 quali
335 1689 406 1761 situ
429 1701 467 1761 et
489 1700 617 1762 nutura
639 1691 704 1762 soli
727 1691 931 1786 hujusmodi
949 1692 1154 1785 eruptiones
1170 1691 1247 1764 fieri
1265 1715 1321 1764 so-

217 1803 324 1891 leant,
335 1816 377 1877 nt
393 1809 566 1900 possimus
579 1808 793 1903 affirmatiooe
808 1809 1023 1904 subjungere
1035 1808 1235 1906 nepotioom,
1246 1833 1319 1881 non

218 1921 302 1992 satis
320 1924 506 2016 quaesitum
524 1933 578 1996 est
587 1921 626 1996 n·

657 2054 723 2128 Ad
736 2066 878 2128 rertnm.

270 2174 327 2240 11.
355 2169 481 2244 Omnis
511 2171 654 2245 flamme
682 2183 856 2268 perpetuo
885 2182 942 2245 est
972 2172 1086 2244 oslidn
1114 2175 1228 2270 magis
1255 2185 1321 2248 nut

218 2287 353 2358 minus:
379 2311 495 2382 nsque
519 2291 665 2360 omnino
691 2290 917 2384 subjungitur
939 2289 1096 2387 nepetino
1104 2287 1145 2359 ⁵⁵.
1195 2289 1247 2362 Et
1268 2300 1321 2362 tu·

218 2426 300 2474 men
317 2405 488 2490 referunt,
501 2407 621 2500 ignem
635 2406 774 2478 futuum
785 2403 824 2491 ⁵⁶,
836 2411 958 2500 (quem
974 2411 1116 2499 vocant)
1130 2410 1192 2502 qui
1209 2408 1319 2478 etism

218 2518 409 2612 aliquando
426 2521 637 2616 impingitur
657 2523 695 2594 in
719 2523 902 2616 parietem,
920 2545 991 2594 non
1015 2521 1171 2594 multum
1188 2521 1321 2594 hebere

218 2633 362 2723 oaloris3
388 2636 535 2708 fortusse
560 2639 670 2710 instar
694 2638 846 2711 flammoe
871 2639 1014 2732 spiritus
1035 2638 1121 2722 vini,
1146 2661 1225 2732 quae
1250 2637 1321 2708 ole-

218 2773 320 2822 mens
341 2762 379 2823 et
401 2753 492 2825 lenis
515 2764 580 2825 est.
634 2755 706 2826 Sed
731 2756 847 2828 adhue
869 2753 982 2826 lenior
999 2755 1142 2825 videtur
1163 2776 1207 2825 eu
1223 2751 1324 2824 flem-

218 2889 287 2950 mn,
304 2891 382 2962 quae
405 2871 443 2942 in
465 2871 643 2942 nonnullis
666 2871 821 2943 historiis
841 2873 920 2944 fidis
942 2881 981 2942 et
1002 2870 1169 2965 gravibus
1185 2868 1324 2940 inveni-

219 2990 278 3052 tur
293 2987 495 3078 apparuisse
513 2988 605 3058 oiros
625 2989 742 3080 onpitn
759 2997 797 3058 et
814 3008 934 3057 comus
953 3007 1145 3080 puerorum
1163 2991 1201 3055 et
1218 2983 1324 3077 virgi-

253 3219 280 3260 5’
291 3221 374 3276 Shset
389 3221 514 3294 lighning
530 3224 555 3279 is
573 3223 709 3294 supposed
719 3231 748 3278 to
788 3221 961 3294 diseugnged.

217 3299 749 3374 bnonlythordetfionoiordiury
831 3299 857 3339 ⁶⁸
880 3297 1323 3370 lpnirsotmismmlyin

216 3379 361 3450 lightninn
787 3375 1323 3451 mhymdotnmponwhmnm

252 3457 278 3498 Μ
296 3457 364 3512 This
386 3458 410 3513 ir
433 3459 528 3531 clearly
552 3477 589 3514 no
611 3459 748 3529 Nepotior.
788 3452 1322 3524 muhnnnomofdeeomputngmn·

218 3537 271 3592 llor
285 3537 332 3592 the
349 3553 443 3592 mum
458 3537 512 3593 aud
529 3545 624 3592 nature
639 3539 670 3593 ol
682 3538 747 3594 rub·
787 3547 837 3593 ter.
875 3531 1324 3605 lrhntmnrtounymun·

217 3624 371 3670 mooun
395 3616 465 3680 ἦτα,
486 3633 530 3672 sou
551 3617 601 3671 Dr.
614 3616 748 3689 Duubsny
788 3615 823 3670 ed
841 3615 884 3670 ior
902 3613 939 3685 by
957 3611 1002 3669 sir
1020 3613 1043 3667 1.
1060 3612 1177 3668 Nevton
1198 3609 1253 3665 md
1272 3608 1325 3662 Dr.

216 3711 254 3748 on
263 3694 422 3749 Volcuoes.
789 3694 919 3765 rnen„
933 3693 1082 3764 nothingis
1091 3689 1328 3760 esmhlyknown

252 3772 751 3844 ‘l'l'lririugoinnninstnnoeol
788 3763 1328 3843 nbouti23poniblyitirrznsedby

217 3851 332 3922 negm
365 3850 748 3922 Oueesnlroweverinngine
788 3849 998 3922 phosphoretturl
1026 3848 1189 3922 Hydruflun,
1215 3841 1329 3900 kindled

216 3929 397 4001 nyuolliglrt
408 3928 747 4000 withontanyflatsuch
788 3927 875 3984 either
891 3928 1147 4000 byElsrnioitymr
1164 3925 1248 3997 byits
1266 3937 1330 3976 own

216 4025 246 4062 ιι
264 4007 353 4063 would
371 4008 405 4062 bs
421 4007 467 4063 the
489 4007 576 4062 llnlor
595 4007 683 4063 which
700 4027 746 4062 en-
788 4007 958 4078 tendeuryto
969 4005 1143 4064 oombustiou
1154 4005 1184 4060 in
1195 4001 1243 4057 sir.
1270 3997 1331 4052 ΤΜ

216 4085 665 4158 ὼεὶοὴοΙγΙιωᾱιὶυΡήιίὶυςι.
689 4085 747 4141 'l'he
787 4087 910 4142 &moos
926 4075 1334 4157 Spirinofwimumdot

216 4163 308 4219 flames
326 4165 357 4218 ol
372 4163 495 4218 different
512 4163 669 4220 munuca
681 4163 747 4219 bure
788 4164 872 4236 being
883 4171 901 4195 ‘¹
911 4165 1028 4220 clemens
1044 4175 1072 4220 et
1089 4161 1189 4225 lmnss’
1201 4159 1226 4212 ir
1237 4171 1292 4212 one
1303 4153 1335 4208 os

216 4241 747 4314 diffmntdngmofflmnsing
787 4243 835 4298 the
862 4251 935 4298 mon
960 4230 1336 4314 nmntyhotkiudsof

215 4319 657 4376 tromthedill'erentnrnountsos
670 4337 747 4392 gno
788 4321 876 4376 fleme.
