3078 5180
536 340 624 404 mn.
647 341 674 404 1.
695 359 830 420 14-20.
1194 344 1235 406 la

612 521 743 594 XVII.

175 635 260 709 Nec
286 637 403 708 minor
428 647 483 708 est
509 637 619 709 libido
645 649 682 710 et
708 637 883 710 aberratio
909 639 946 709 in
973 641 1231 712 constituendis

123 753 377 838 axiomatibus,
400 777 505 846 quam
531 756 569 823 iu
596 756 798 827 notionibus
823 755 1089 838 abstrahendis;
1122 758 1231 850 idque

125 871 161 939 in
183 870 272 962 ipsis
291 871 481 963 principiis,
499 894 582 963 quae
604 871 649 941 ab
672 872 880 942 inductione
903 871 1037 968 vulgari
1061 873 1230 966 pendent.

125 983 179 1056 At
203 986 322 1056 multo
346 988 456 1079 major
479 987 592 1058 estin
615 988 863 1070 axiomatibus,
881 999 919 1059 et
936 989 1231 1082 propositionibus

125 1103 362 1184 inferioribus,
380 1126 457 1194 quae
474 1103 595 1173 educit
611 1103 843 1197 syllogismus.

605 1273 755 1346 XVIII.

176 1371 267 1455 Quae
293 1374 410 1444 adhuc
435 1373 581 1445 inventa
605 1385 688 1444 sunt
713 1377 750 1444 in
776 1375 942 1458 scientiis,
965 1399 1008 1447 ea
1030 1375 1229 1469 hujusmodi

124 1499 221 1571 sunt,
240 1499 281 1558 ut
299 1490 502 1560 notionibus
521 1489 720 1585 vulgaribus
739 1491 813 1562 fere
835 1491 1059 1584 subjaceant:
1087 1503 1128 1562 ut
1146 1515 1229 1562 vero

125 1605 170 1675 ad
199 1605 370 1676 interiora
396 1617 434 1676 et
461 1607 650 1678 remotiora
676 1616 815 1678 naturae
844 1618 1058 1698 penetretur,
1085 1631 1229 1681 necesse

124 1733 181 1794 cst
213 1732 255 1791 ut
285 1731 359 1791 tam
391 1723 553 1792 notiones
582 1745 688 1814 quam
716 1724 895 1793 axiomata
924 1726 1036 1816 magis
1065 1735 1163 1796 certa
1191 1737 1230 1798 et

123 1839 268 1908 munita
293 1838 347 1906 via
368 1861 390 1907 a
413 1837 517 1907 rebus
539 1838 798 1922 abstrahentur,
817 1851 925 1930 atque
942 1841 1086 1910 omnino
1104 1841 1230 1911 melior

124 1965 164 2025 et
181 1955 314 2026 certior
328 1953 534 2024 intellectus
550 1955 753 2047 adoperatio
771 1955 806 2023 in
824 1977 928 2024 usum
947 1956 1075 2026 veniat.

622 2125 732 2196 XIX.

177 2225 273 2298 Duae
298 2227 365 2296 viae
387 2233 480 2304 sunt
499 2237 607 2318 atque
633 2249 710 2297 esse
737 2237 892 2317 possunt,
913 2227 956 2296 ad
982 2227 1226 2318 inquirendam

124 2355 166 2412 et
183 2341 432 2412 inveniendam
453 2345 650 2414 veritatem.
702 2339 867 2413 Alteraa
887 2365 991 2414 sensu
1015 2352 1053 2413 et
1078 2343 1229 2436 particu-

125 2457 261 2528 laribus
286 2457 429 2529 adnolat
453 2459 498 2528 ad
523 2460 703 2530 axiomata
729 2460 885 2530 maxime
909 2459 1099 2553 generalia,
1121 2469 1229 2552 atqua

125 2597 173 2645 ex
200 2575 244 2645 iis
268 2575 448 2668 principiis
474 2598 668 2668 eorumque
691 2576 840 2646 immota
859 2578 1008 2648 veritate
1025 2577 1167 2670 judicat
1191 2585 1229 2650 et

125 2692 266 2763 invenit
291 2692 470 2761 axiomata
496 2692 633 2777 media3
662 2701 771 2783 atque
797 2691 870 2761 lraec
893 2694 949 2762 via
972 2693 1007 2762 in
1033 2716 1099 2763 usu
1125 2689 1229 2763 est¹⁶.

125 2805 259 2878 Altera
291 2831 313 2878 a
346 2829 450 2878 sensu
485 2815 523 2878 et
562 2806 832 2898 particularIbus
867 2809 1002 2878 excitat
1038 2810 1228 2892 axiomata,

124 2923 352 2994 ascendendo
381 2925 608 2996 continenter
636 2933 673 2996 et
702 2924 890 3018 gradatim,
920 2937 962 2994 nt
991 2925 1119 2997 ultimo
1151 2925 1229 2997 loco

126 3041 358 3132 pervenietur
381 3041 424 3110 ad
452 3041 608 3110 maxime
635 3041 835 3134 generalia;
870 3065 947 3133 qnae
974 3042 1030 3111 via
1055 3065 1137 3114 vera
1162 3051 1228 3126 est,

125 3156 190 3226 sed
209 3157 395 3226 intentata.

635 3255 724 3326 XX.

180 3369 342 3442 Eandem
361 3373 558 3466 ingreditur
570 3373 660 3442 viam
675 3373 839 3464 (priorem
858 3372 1010 3463 scilicet)
1024 3371 1229 3444 intellectus

125 3489 194 3560 sibi
211 3488 413 3582 permissus,
427 3510 533 3580 quam
552 3489 637 3558 iacit
654 3513 700 3559 ex
718 3489 841 3559 ordine
853 3489 1063 3566 ,dialecticae
1109 3489 1230 3560 Gestit

126 3605 223 3674 enim
243 3625 344 3674 mens
361 3603 503 3674 exsilire
520 3603 564 3673 ad
583 3605 694 3697 magis
710 3604 900 3699 generalia,
914 3614 956 3674 ut
973 3607 1173 3696 acquiescat
1187 3601 1230 3692 ¹⁷3

165 3818 485 3885 ¹⁶CI.I.2c.and104.
521 3817 579 3872 The
594 3835 657 3872 con·
698 3835 728 3872 aa
745 3835 796 3872 one
814 3819 844 3872 ol
859 3819 904 3873 tha
924 3819 1051 3876 Instincts
1070 3821 1101 3875 oi
1119 3822 1229 3878 Iluman

126 3908 194 3954 traat
208 3898 327 3953 between
343 3895 388 3951 tha
403 3907 456 3952 two
471 3898 495 3952 is
508 3896 598 3951 drawn
610 3907 658 3952 cut
699 3894 810 3952 Nature.
847 3895 873 3952 It
887 3897 973 3952 shows
989 3899 1061 3954 itsels
1076 3900 1104 3954 in
1118 3899 1229 3963 Mortis,

125 3980 154 4032 in
167 3974 428 4030 thohtterclthese
438 3975 605 4046 Aphorisms.
700 3972 816 4036 Politice,
838 3973 968 4044 Religion,
989 3994 1018 4030 as
1042 3977 1124 4032 much
1148 3995 1178 4032 as
1201 3977 1229 4034 In

165 4054 189 4095 ¹⁷
206 4054 456 4126 “utaequiescat.”
487 4053 553 4108 This
565 4071 657 4125 ycarn·
699 4051 774 4106 other
794 4051 919 4124 subjecta.
961 4053 987 4108 lt
1004 4054 1086 4109 arisae
1107 4056 1135 4109 in
1155 4064 1230 4125 great

126 4135 175 4204 ing
192 4133 260 4188 alter
276 4149 312 4186 en
329 4131 467 4201 ἐπιστήμη,
480 4149 496 4186 s
507 4130 658 4202 something
699 4138 757 4200 part
772 4129 840 4185 from
857 4148 908 4184 nur
923 4131 978 4185 isar
992 4132 1023 4185 ol
1037 4150 1088 4186 our
1103 4151 1162 4186 own
1178 4132 1229 4188 lte-

126 4211 236 4267 definita
253 4209 307 4264 and
325 4209 476 4264 madusius
490 4212 519 4264 in
531 4209 658 4264 whichtc
699 4209 876 4281 sponsibility,
901 4209 954 4264 and
983 4210 1014 4265 ol
1041 4211 1086 4264 tha
1112 4211 1178 4280 duty
1202 4211 1233 4264 ol

126 4289 367 4359 manahrinlring
378 4289 447 4343 irem
460 4287 660 4351 thaindefinits,
696 4287 813 4359 judging
828 4288 869 4342 lor
886 4289 1030 4344 ourselves.
1068 4289 1093 4342 It
1110 4287 1183 4342 lesda
1201 4289 1230 4344 in

126 4367 180 4422 and
190 4385 285 4440 prayer
293 4366 428 4430 foranle,
436 4384 497 4439 may
505 4365 660 4421 becountm
701 4365 812 4436 Physica
825 4375 852 4418 tc
865 4365 942 4436 hasty
954 4365 1087 4436 dogmatis
1101 4365 1231 4434 gener-ali·
