3222 5148
311 270 375 334 136
635 272 809 338 NOVUM
832 272 1080 339 ORGANUM.

310 459 456 529 corpora
479 437 673 519 individua,
700 437 844 509 edentia
870 448 972 509 actus
999 458 1105 530 puros
1135 433 1337 506 individuos
1363 455 1413 506 ex

310 551 410 648 legs3
436 554 473 623 in
491 553 661 624 doctrinis
677 561 808 637 temen,
827 553 889 625 illa
904 555 981 648 ipsa
1004 553 1073 636 lex,
1091 553 1240 645 ejusque
1264 551 1415 643 inquisi-

310 668 371 751 tio,
389 677 427 740 et
453 669 621 750 inventio,
644 677 753 761 atque
778 670 981 763 explicatio,
1005 691 1068 762 pro
1094 667 1328 740 fundamento
1355 675 1413 738 est

310 792 385 854 tam
410 784 456 855 ad
481 785 677 868 sciendum,
695 806 801 877 quam
822 784 1118 878 adoperandum.
1170 781 1261 854 Eam
1285 790 1412 854 antem

309 898 423 996 tepere,
440 901 587 993 ejusque
597 897 841 996 paroprapltoe
847 896 886 984 ¹⁰,
905 901 1098 972 formarum
1116 898 1261 970 nomine
1277 897 1413 970 intelli-

308 1016 446 1108 gimns3
475 1017 670 1109 presertim
698 1037 780 1086 oum
810 1015 879 1088 hoe
906 1014 1118 1087 vocabulum
1144 1013 1346 1096 invaluerit,
1372 1023 1413 1084 et

309 1131 529 1202 familiariter
547 1139 720 1203 occurrat.

825 1245 897 1318 111.

359 1361 430 1446 Qui
460 1383 602 1434 oausam
632 1361 781 1455 alicujus
810 1368 948 1431 nature
978 1358 1106 1448 (veluti
1135 1359 1322 1444 albedinis,
1347 1367 1413 1430 aut

309 1477 447 1568 caloris)
465 1476 501 1546 in
519 1479 626 1548 certis
649 1486 790 1549 tantum
813 1477 981 1569 subjectis
1005 1477 1129 1562 novit;
1157 1477 1233 1569 ejus
1258 1477 1412 1548 scientia

309 1592 517 1686 imperfecta
542 1601 617 1664 est:
645 1594 768 1686 etqui
796 1593 965 1665 effectum
993 1616 1098 1686 super
1124 1601 1240 1664 certas
1267 1601 1412 1664 tentum

308 1707 474 1779 materias
507 1709 612 1795 (inter
639 1731 708 1792 cas,
737 1732 815 1801 quae
844 1718 929 1780 sunt
954 1708 1214 1802 susceptibiles)
1240 1708 1412 1780 inducere

308 1833 448 1917 potest;
476 1826 553 1919 ejus
570 1825 734 1918 potentia
749 1825 884 1918 pariter
899 1825 1110 1917 imperfecta
1127 1821 1227 1896 estu.
1276 1823 1331 1896 At
1348 1826 1411 1917 qni

308 1941 524 2012 efficientem
548 1950 587 2012 et
612 1939 833 2012 materialem
857 1963 998 2012 causam
1022 1939 1272 2012 tantummodo
1296 1942 1411 2024 novit,

308 2055 400 2149 (quoe
418 2080 529 2128 causae
547 2057 652 2127 fluxae
668 2069 763 2139 sunt,
780 2066 819 2128 et
836 2057 924 2126 nihil
942 2055 1049 2138 aliud,
1063 2078 1170 2148 quam
1187 2055 1352 2127 vehicula
1371 2065 1413 2128 et

307 2197 419 2246 oausee
437 2175 587 2246 formem
606 2173 807 2245 deferentes
829 2173 867 2243 in
894 2172 1086 2264 aliquibus)
1116 2173 1146 2242 is
1170 2171 1215 2242 ed
1241 2194 1333 2244 nova
1356 2175 1413 2241 in-

308 2300 424 2374 venta,
441 2291 479 2361 in
498 2291 647 2361 materia
670 2289 893 2382 aliquetenus
919 2289 1036 2370 simili,
1054 2298 1093 2360 et
1110 2296 1313 2382 preparata,
1330 2311 1412 2382 per·

307 2407 428 2477 venire
445 2415 586 2499 potest;
609 2405 671 2476 sed
689 2427 807 2475 rerum
825 2407 997 2476 terminos
1013 2404 1119 2476 altius
1136 2404 1226 2475 fixos
1243 2427 1316 2474 non
1333 2427 1412 2475 mo-

307 2531 377 2592 vet.
423 2521 552 2614 Atqui
571 2521 701 2592 formos
718 2521 829 2602 novit,
847 2521 878 2592 is
893 2531 1029 2592 naturoe
1047 2522 1222 2592 unitatem
1239 2520 1277 2592 in
1296 2529 1413 2592 mate-

306 2635 627 2708 riisdissimillimis
649 2637 918 2730 complectitur;
944 2637 1065 2730 itaque
1082 2661 1161 2731 quae
1178 2636 1295 2708 adhue
1313 2637 1411 2709 facta

306 2775 378 2822 non
406 2761 500 2834 sunt,
518 2753 636 2844 qualia
661 2775 727 2823 uec
752 2762 890 2823 naturae
914 2751 1184 2835 vicissitudines,
1201 2774 1320 2844 neque
1345 2777 1411 2826 ex·

307 2865 556 2960 perimentales
573 2865 766 2950 industriae,
784 2889 902 2959 neque
920 2891 1019 2938 casus
1036 2869 1121 2960 ipse,
1139 2868 1176 2938 in
1200 2876 1323 2940 actum
1344 2893 1412 2940 nn-

306 3005 414 3074 quam
431 2979 688 3076 perduxissent,
706 3005 824 3075 neque
841 2983 1097 3077 cogitationem
1114 2983 1307 3054 humanam
1328 2985 1412 3056 sub·

306 3099 400 3170 iture
425 3099 587 3184 fuissent,
618 3099 787 3194 detegere
816 3109 853 3170 et
884 3098 1078 3193 producere
1108 3109 1237 3192 potest.
1290 3101 1412 3186 Quare

306 3239 354 3288 er
371 3217 563 3287 formarum
581 3215 788 3288 inventione
811 3217 971 3308 requitur
988 3216 1243 3311 contemplatio
1260 3241 1354 3302 vera,
1371 3228 1411 3290 et

307 3333 465 3425 operatio
483 3329 637 3403 liberam.

308 3519 441 3591 evidently
448 3518 640 3590 dintinguishes
651 3519 770 3574 between
780 3520 838 3574 No·
879 3518 913 3574 be
925 3520 970 3575 the
982 3538 1055 3576 mma
1067 3520 1153 3592 thing.
1176 3519 1294 3594 Perhaps
1305 3522 1353 3577 the
1365 3521 1412 3578 de·

309 3603 370 3652 tara
387 3597 442 3651 and
453 3597 584 3651 Doctrina
592 3620 604 3658 ,·
624 3596 678 3652 and
695 3596 782 3654 under
793 3598 839 3653 the
880 3598 1007 3670 seription
1021 3599 1052 3654 ol
1066 3599 1112 3655 the
1124 3599 1204 3655 Form
1216 3601 1247 3654 of
1258 3599 1413 3656 lieet-the

307 3677 385 3730 latter
408 3673 477 3729 head
498 3675 551 3728 will
573 3691 649 3730 coms
672 3677 838 3748 conception,
881 3673 1078 3733 Modilications
1098 3679 1129 3735 ot
1145 3677 1192 3733 the
1210 3696 1297 3750 genus
1316 3685 1336 3710 “
1349 3681 1412 3736 hlo-

308 3752 433 3824 thought,
446 3753 494 3808 &a
520 3753 618 3808 Millin
631 3753 673 3808 his
686 3753 839 3826 Caugories
880 3755 966 3820 tion,”
978 3755 1085 3829 maybe
1097 3756 1167 3812 what
1186 3757 1210 3813 is
1230 3767 1329 3814 meant
1367 3759 1412 3816 Cf.

308 3831 383 3886 takes
402 3830 448 3884 the
466 3831 547 3886 vvider
565 3849 642 3889 sense
660 3833 691 3887 ol
706 3832 752 3888 the
771 3843 840 3889 term
878 3832 1048 3889 intellec.

309 3909 421 3973 Nature,
432 3908 487 3962 and
497 3909 619 3966 includes
636 3913 734 3966 mental
746 3929 838 3982 opera-
918 3911 939 3952 ¹¹
954 3911 1020 3969 'lhir
1032 3913 1168 3984 imperfect
1182 3913 1347 3986 Knovrledge
1358 3915 1413 3971 end

308 3989 389 4044 tione.
426 3987 489 4056 (See
508 3987 592 4043 Mill's
612 3987 703 4060 legio,
724 3989 802 4046 Boolr
816 3991 839 4046 1.
881 3989 973 4046 Povrer
985 3990 1072 4062 might
1084 3991 1117 4046 be
1128 3992 1231 4047 termed
1243 3993 1370 4066 Empiric,
1382 4013 1414 4051 es

307 4065 522 4137 chap.iii.§15.)
881 4068 980 4140 having
992 4087 1027 4124 no
1039 4069 1141 4142 insight
1151 4071 1210 4126 into
1221 4070 1267 4127 the
1285 4073 1414 4144 principle

346 4141 370 4184 ¹⁰
394 4142 420 4198 It
439 4144 463 4197 is
482 4143 594 4198 difficrdt
615 4153 644 4199 to
663 4163 706 4200 see
725 4146 796 4201 vrhet
816 4146 839 4202 is
880 4165 911 4203 or
924 4147 995 4203 Lare.

309 4231 400 4280 meent
420 4221 457 4294 by
474 4221 520 4277 the
541 4227 560 4253 “
572 4221 758 4296 Parsgraphs”
777 4225 840 4282 ola
918 4223 941 4265 ¹²
961 4225 1028 4281 'lhis
1053 4227 1234 4284 combination
1257 4229 1289 4285 ol
1304 4229 1413 4302 ,Knoe-

309 4303 391 4366 Law;
416 4301 555 4374 especially
567 4301 590 4355 il
607 4300 668 4357 law
686 4301 739 4357 und
760 4303 838 4358 Form
879 4303 956 4376 ledge
974 4305 1026 4360 and
1040 4305 1137 4361 Action
1151 4307 1173 4363 is
1185 4325 1246 4363 ever
1259 4315 1367 4380 present
1385 4319 1414 4366 to
