3268 5146
630 332 718 396 LIB.
740 331 787 396 11.
802 333 855 416 3⁶·
1228 335 1291 398 241

193 495 361 580 diximus,
390 495 639 590 pmgressivus.
694 495 786 568 Tum
816 517 898 570 vero
927 496 997 568 erit
1028 498 1171 570 trivium
1201 502 1295 574 circe

194 612 286 683 hcuc
312 620 476 683 naturum
504 611 588 683 tole.
640 610 800 684 Necesse
827 620 893 695 est,
916 621 957 683 ut
984 621 1103 684 motus
1129 615 1208 698 iste,
1231 639 1297 710 per

195 750 299 820 quem
327 750 428 820 cquae
456 728 494 798 in
521 726 675 799 fluxibus
700 737 739 799 et
763 727 959 800 refluxibus
989 750 1027 799 se
1056 729 1239 816 attollunt,
1256 741 1296 804 et

195 866 314 916 rursus
343 842 562 928 relabuntur,
588 843 721 937 ubsque
747 843 867 937 ulique
895 845 1096 917 accessione
1125 869 1296 939 equarum

195 960 354 1042 aliorum,
372 982 451 1051 quae
474 957 720 1042 advolvuntur,
737 960 801 1031 fist
825 982 888 1052 per
906 981 1017 1030 unum
1035 982 1083 1031 ex
1105 959 1160 1032 his
1183 963 1297 1036 tribus

195 1074 331 1159 modis;
357 1073 413 1145 vel
432 1075 527 1167 quod
552 1075 621 1146 ists
645 1097 815 1167 equorum
840 1077 944 1168 copis
968 1085 1111 1148 emanet
1134 1098 1182 1147 ex
1205 1079 1297 1150 inte-

194 1191 344 1264 rioribus
366 1203 479 1275 terre,
497 1200 535 1263 ot
561 1215 680 1264 rursus
707 1195 744 1264 in
770 1191 895 1264 illese
923 1192 1092 1284 recipiut3
1118 1192 1176 1264 vel
1200 1195 1296 1286 quod

194 1331 267 1380 non
284 1309 332 1378 sit
347 1306 466 1400 cliqus
481 1305 632 1400 amplior
647 1308 759 1379 moles
775 1330 959 1400 equorum,
971 1309 1033 1380 sed
1052 1309 1149 1401 quod
1161 1311 1296 1382 eaedem

194 1447 294 1517 oquae
315 1425 401 1516 (non
428 1431 534 1493 aucto
559 1429 693 1514 quanto
720 1423 799 1515 suo)
826 1423 1078 1507 extendentur,
1102 1426 1177 1496 sive
1204 1449 1297 1498 rare-

195 1539 294 1620 fisnt,
311 1538 362 1608 its
384 1543 427 1607 ut
449 1538 621 1630 mcj0rcm
644 1535 762 1608 locum
780 1546 819 1610 et
835 1537 1090 1610 dimensionem
1110 1550 1295 1634 occupent,

195 1661 234 1726 et
260 1675 379 1724 rursus
407 1675 445 1724 se
473 1652 703 1736 contmhsnt;
730 1652 787 1725 vel
813 1654 908 1746 quod
931 1676 996 1724 nec
1024 1655 1126 1748 copia
1150 1657 1298 1728 socedat

195 1769 316 1860 insjor,
334 1791 400 1839 nec
425 1768 589 1841 extensio
615 1767 775 1862 amplior,
799 1767 863 1840 sed
887 1768 1020 1839 eaedem
1045 1793 1145 1862 eqnoe
1174 1771 1296 1864 (prout

195 1891 288 1968 sunt,
307 1892 381 1954 tum
407 1885 509 1976 copie
533 1904 641 1976 quom
666 1884 843 1956 densitate
868 1893 932 1954 eut
956 1884 1116 1974 raritate)
1137 1908 1201 1980 per
1224 1886 1296 1957 rim

194 1997 350 2091 aliquem
371 1999 608 2094 magneticam
631 1998 783 2092 desuper
805 2021 865 2070 ess
887 1999 1137 2085 attrahentem,
1156 2011 1195 2072 ct
1211 2025 1295 2074 evo·

194 2123 348 2198 cantem,
374 2124 413 2186 et
440 2136 503 2207 per
527 2135 739 2186 consensum
769 2137 807 2185 se
831 2114 1007 2198 attollent,
1036 2124 1075 2188 et
1104 2117 1233 2189 deinde
1258 2141 1297 2189 se

196 2232 395 2302 remittant.
447 2229 575 2322 Itaque
597 2229 788 2299 reducetur
805 2225 848 2317 (si
871 2228 1002 2322 placet)
1013 2229 1090 2321 jem
1114 2231 1296 2323 inquisitio

196 2347 327 2439 (missis
352 2345 489 2416 duobus
517 2344 587 2415 illis
613 2344 770 2416 motibus
799 2345 986 2438 prioribus)
1014 2346 1060 2417 sd
1090 2345 1187 2418 hunc
1212 2347 1298 2418 ulti·

196 2485 318 2546 mum;
344 2470 383 2533 et
412 2461 610 2553 inquiretur
642 2460 671 2530 si
701 2460 764 2531 fiet
792 2459 911 2553 sliqus
939 2461 1021 2532 tulis
1050 2459 1203 2533 sublstio
1234 2485 1298 2554 per

195 2599 416 2662 consensum,
434 2577 597 2648 siverim
614 2577 863 2672 magneticsm.
913 2575 1027 2669 Atqui
1044 2577 1158 2669 primo
1183 2579 1298 2650 moni-

196 2695 329 2767 festum
355 2701 420 2777 cst,
444 2693 624 2764 universes
650 2714 768 2784 eques,
799 2701 905 2784 prout
930 2701 1113 2786 ponuntur
1139 2693 1177 2763 in
1203 2693 1297 2766 fossa

195 2812 271 2882 sive
288 2831 375 2881 csvo
404 2808 519 2891 muris,
537 2831 609 2880 non
638 2829 739 2902 posse
767 2807 871 2879 simul
897 2807 1024 2891 ettolli,
1048 2808 1132 2899 quio
1157 2807 1298 2880 deesset

196 2925 291 3018 quod
322 2923 530 2996 succederet
559 2923 595 2992 in
621 2923 753 3006 fundo;
779 2922 867 2994 odeo
894 2931 937 2994 ut
962 2923 991 2994 si
1018 2923 1111 2994 foret
1135 2923 1172 2992 in
1197 2925 1298 3016 cquis

196 3040 324 3133 uliquis
349 3039 551 3132 hujusmodi
576 3039 757 3131 appetitus
780 3061 819 3109 se
844 3037 1044 3121 attollendi,
1062 3037 1123 3109 ilie
1148 3039 1224 3131 ipse
1245 3048 1298 3110 tc-

195 3180 281 3228 men
302 3180 325 3229 s
347 3178 444 3229 nexu
466 3177 595 3239 rerum,
613 3155 687 3225 sive
705 3156 762 3248 (ut
780 3153 886 3248 vulgo
902 3153 1110 3247 loquuntur)
1128 3177 1174 3226 ne
1192 3155 1299 3224 detur

196 3296 359 3357 vacuum,
390 3273 523 3344 fractus
552 3272 646 3342 foret
674 3279 713 3343 et
742 3269 930 3341 cohibitus.
986 3268 1225 3360 Relinquitur,
1256 3277 1298 3341 ut

196 3390 410 3464 attollentur
426 3411 526 3482 equae
542 3409 588 3459 ex
604 3387 724 3479 ulique
745 3395 855 3480 purte,
872 3394 911 3458 et
928 3409 991 3479 per
1007 3385 1075 3456 hoc
1092 3385 1299 3456 minuentur

197 3516 235 3579 et
253 3507 381 3579 cedem
398 3529 445 3576 ex
464 3503 543 3576 slis.
595 3502 789 3575 Enimvero
810 3522 929 3573 rursus
952 3502 1147 3572 necessario
1173 3523 1300 3594 seque-
1437 3507 1441 3516 ‘

196 3633 267 3706 tur,
284 3632 326 3693 ut
343 3621 395 3692 vis
412 3621 475 3694 ilis
491 3621 702 3716 magnetica,
714 3642 798 3690 cum
814 3640 919 3712 super
935 3626 1056 3689 totum
1074 3617 1211 3710 operari
1228 3639 1300 3688 non

195 3740 316 3832 possit,
334 3738 427 3808 circe
443 3738 600 3808 medium
620 3743 788 3829 operetur
802 3733 1051 3817 intensissime,
1068 3734 1121 3805 its
1133 3740 1175 3803 ut
1192 3753 1302 3827 equus

195 3856 233 3926 in
249 3854 369 3925 medio
385 3852 546 3937 attollam
573 3853 643 3925 illae
660 3853 743 3924 v'ero
766 3849 925 3937 sublstoe,
941 3851 1056 3922 lutere
1078 3872 1141 3943 per
1164 3871 1304 3921 succes·

195 3970 331 4042 sionem
349 3968 513 4040 deserent
529 3977 567 4039 et
583 3969 793 4041 destituent.

246 4085 375 4178 Itaque
402 4085 479 4177 jum
509 4086 656 4157 tandem
685 4091 898 4177 perventum
931 4091 989 4156 est
1022 4082 1067 4152 sd
1099 4080 1303 4152 iacientium

195 4199 312 4273 ecco
327 4201 420 4272 circs
437 4199 503 4271 hoc
520 4199 732 4293 subjectum.
786 4199 840 4272 Es
857 4199 938 4272 telis
961 4205 1029 4270 est.
1081 4197 1120 4268 Si
1143 4196 1304 4269 invenic-

195 4325 267 4399 tur,
292 4317 387 4408 quod
415 4319 450 4386 in
475 4315 671 4386 refluxibus
696 4315 803 4386 muris
828 4334 1001 4407 equorum
1031 4307 1235 4403 superficies
1265 4309 1303 4378 in

810 4451 834 4499 n
