3268 5146
636 353 723 420 LIB.
748 355 789 418 ll.
805 373 857 435 42.
1235 353 1300 420 tto

196 516 303 588 datur
327 539 404 590 essa
424 519 590 614 cognatio
613 521 773 613 quaedam
799 523 895 593 iuter
918 543 1064 615 corpora
1090 527 1128 592 et
1154 519 1298 592 fomites

195 632 271 704 sive
287 631 458 706 alimenta
474 657 547 708 sua.
604 635 733 709 Fames
755 645 878 708 autem
896 637 1047 708 llummae
1063 635 1204 706 ridetur
1221 657 1298 708 esse

195 745 316 820 oleum
334 756 373 821 et
392 749 559 844 pinguia3
584 752 682 834 airis,
700 775 791 846 aque
814 760 853 825 et
869 773 1003 845 aquea:
1030 750 1181 824 flammoe
1201 752 1296 823 enim

195 862 439 958 multiplicant
464 887 503 938 sa
533 889 638 962 super
666 867 799 942 halitus
828 867 910 953 olei,
935 869 995 940 air
1020 890 1126 961 super
1152 889 1299 960 vapores

194 1001 306 1073 aquoe.
360 979 568 1055 Videndum
585 985 707 1080 itaque
724 986 769 1057 de
785 986 935 1058 mistura
950 1007 1050 1078 aquoe
1067 993 1105 1056 et
1122 983 1202 1069 olei,
1220 1007 1298 1077 qma

196 1117 235 1166 se
254 1095 461 1171 manifestat
480 1100 525 1171 ad
542 1122 708 1186 seusum;
733 1101 1021 1194 quondoquidem
1037 1101 1187 1172 mistura
1208 1101 1299 1172 adria

196 1218 235 1281 et
251 1210 406 1286 flammei
428 1217 568 1310 generis
590 1215 706 1312 fugiat
727 1239 880 1289 sensum.
931 1215 985 1288 At
1008 1215 1127 1289 oleum
1145 1223 1185 1288 et
1207 1239 1299 1308 equa

195 1325 290 1397 iuter
306 1349 345 1398 se
361 1351 425 1422 per
445 1332 737 1424 compositionem
754 1343 818 1406 aut
840 1334 1072 1428 agitationem
1088 1332 1298 1426 imperfecte

195 1443 389 1516 admodum
415 1448 617 1533 miscentur,
635 1449 761 1522 eadem
784 1453 822 1520 in
845 1449 973 1534 herbis,
996 1458 1034 1521 et
1056 1450 1238 1544 sanguiue,
1259 1459 1299 1521 et

196 1560 355 1652 partibus
388 1563 604 1648 animalium,
635 1575 800 1638 accurate
834 1574 872 1637 et
906 1565 1058 1638 delicate
1091 1566 1297 1637 miscentur.

197 1674 325 1770 Itaque
341 1678 457 1751 simile
477 1680 645 1773 quiddam
662 1682 738 1754 fieri
755 1684 866 1776 possit
887 1683 979 1754 circa
996 1683 1180 1753 misturam
1198 1679 1299 1753 flam·

197 1794 269 1865 mei
292 1802 330 1867 et
347 1795 438 1866 atrei
461 1799 602 1892 generis
625 1800 663 1870 in
679 1799 914 1893 spiritalibus:
939 1823 1020 1893 quae
1037 1821 1102 1893 per
1123 1797 1300 1869 confusio-

195 1931 279 1980 nem
302 1911 499 2004 simplicem
521 1935 593 1983 non
616 1913 709 1986 benc
733 1914 911 1986 sustinent
935 1916 1142 1987 misturam:
1169 1913 1297 1984 eadem

195 2030 316 2098 tamen
349 2027 386 2097 iu
413 2028 592 2121 spiritibus
621 2029 823 2124 plantarum
852 2041 890 2102 et
918 2029 1126 2102 animalium
1156 2029 1297 2100 misceri

195 2140 382 2215 ridentur:
408 2148 601 2237 praesertim
625 2169 707 2218 cum
730 2147 846 2219 omnis
868 2147 1012 2240 spiritus
1034 2146 1211 2218 animatus
1235 2147 1296 2216 de-

194 2267 316 2351 pascet
337 2259 485 2333 humida
505 2269 664 2356 utraque,
682 2285 796 2357 aquea
818 2271 857 2337 et
879 2263 1034 2358 pinguia,
1050 2273 1221 2356 tauquam
1244 2260 1297 2332 fo-

192 2373 300 2447 mites
322 2399 413 2450 suos.

244 2489 426 2577 Similiter,
453 2493 482 2565 si
507 2516 580 2567 nou
607 2495 652 2568 de
678 2495 948 2590 perfectioribus
972 2495 1130 2568 misturis
1158 2495 1297 2589 spirita·

195 2601 294 2688 lium,
311 2606 373 2678 sed
398 2608 442 2680 de
466 2611 721 2704 compositione
745 2620 886 2684 tantum
909 2611 1126 2705 inquiratur3
1152 2632 1293 2704 nempe,

194 2729 316 2793 utrum
333 2723 437 2797 facile
454 2725 550 2798 inter
565 2749 603 2798 se
619 2727 910 2821 incorporentur;
929 2750 975 2799 an
991 2727 1110 2820 potius
1124 2723 1296 2819 (exempli

193 2838 325 2933 gratim
344 2840 417 2912 sint
440 2841 550 2935 aliqui
577 2845 675 2916 venti
700 2851 738 2915 et
764 2843 1018 2927 exhalationes,
1035 2853 1098 2914 aut
1123 2843 1193 2915 alie
1218 2865 1296 2914 cor·

193 2975 279 3046 pora
298 2957 478 3049 spiritalia,
496 2981 575 3051 quae
598 2981 669 3031 non
686 2961 882 3032 miscentur
898 2982 981 3031 cum
998 2960 1078 3029 adro
1100 2959 1294 3042 communi,

192 3071 254 3142 sed
288 3079 430 3144 tautum
460 3071 596 3148 herent
625 3083 663 3147 et
696 3083 822 3147 natant
854 3077 891 3146 in
921 3097 975 3157 eo,
1005 3075 1043 3145 in
1071 3070 1225 3168 globulis
1257 3081 1297 3144 et

192 3189 317 3282 guttis,
336 3197 373 3260 et
389 3190 508 3283 potius
530 3183 745 3284 fraugrmtur
761 3212 802 3262 ac
824 3190 1119 3262 comminuuntur
1135 3187 1181 3258 eb
1204 3189 1296 3273 edre,

193 3324 302 3395 quam
326 3304 364 3373 in
390 3305 506 3398 ipsum
534 3307 755 3400 recipiuntur
782 3314 821 3377 et
845 3307 1134 3399 incorporantur:
1165 3303 1296 3374 hocin

192 3420 274 3490 aire
297 3422 478 3493 communi
497 3429 533 3492 et
550 3419 628 3494 eliis
651 3421 876 3515 spiritulibus,
894 3420 940 3494 ob
963 3418 1201 3492 subtilitatem
1218 3441 1297 3490 cor·

192 3557 329 3628 porum,
346 3538 480 3630 percipi
504 3537 713 3610 adsensum
736 3559 806 3610 non
824 3545 967 3631 potest;
992 3543 1153 3607 attamen
1177 3535 1296 3629 imago

192 3651 352 3744 quedam
379 3653 484 3748 hujus
509 3655 570 3738 rei,
594 3663 769 3747 quatenus
794 3654 868 3738 liat,
891 3653 1028 3746 concipi
1054 3653 1166 3746 possit
1190 3652 1229 3721 iu
1255 3649 1299 3720 li·

193 3768 361 3861 quoribus
382 3772 521 3866 argenti
540 3772 621 3854 vivi,
639 3770 720 3856 olei,
737 3794 857 3867 aquae;
883 3775 993 3863 atque
1018 3770 1129 3842 etiam
1145 3769 1184 3840 in
1204 3768 1297 3852 adra,

191 3893 231 3956 et
253 3884 425 3958 fractione
452 3887 537 3980 ejus,
556 3886 698 3979 quaudo
724 3887 915 3980 dissipatur
934 3895 973 3958 et
998 3885 1160 3958 ascendit
1182 3885 1299 3978 parvis

190 3999 424 4094 portiunculis
447 4025 512 4096 per
534 4025 683 4094 aquam;
709 4011 819 4096 atque
845 4004 955 4074 etiam
979 4001 1017 4072 in
1043 4000 1151 4072 fumis
1176 3999 1299 4071 crassi-

191 4115 323 4201 oribus,
337 4117 491 4210 deuiqus
508 4119 545 4189 iu
563 4117 711 4211 pulvere
728 4120 887 4192 excitato
905 4127 943 4191 et
961 4117 1122 4190 haerente
1139 4117 1178 4187 in
1194 4118 1297 4199 adre3

190 4233 228 4302 in
245 4232 374 4324 quibus
390 4233 553 4305 omnibus
576 4255 650 4304 nou
669 4235 711 4307 lit
727 4236 974 4330 incorporatio.
1026 4233 1152 4327 Atque
1168 4255 1296 4326 reprae-

189 4350 345 4422 sentatio
362 4349 531 4443 praedicta
548 4349 585 4420 iu
602 4349 672 4423 boc
690 4351 850 4444 subJecto
872 4373 943 4422 uon
961 4347 1055 4422 mala
1071 4357 1136 4430 est,
1153 4347 1183 4420 si
1203 4345 1294 4418 illud

796 4487 819 4536 r
