3078 5180
526 337 615 402 ms.
634 337 662 402 1.
679 354 732 422 45,
747 339 800 419 4⁶.
1172 341 1215 402 aa

116 526 196 574 cum
224 504 370 596 reliquis
395 504 516 585 tribus,
543 526 624 595 quaa
649 503 883 594 subjiciuntur
909 502 1036 572 sensui.
1089 502 1212 573 Etiam

116 619 303 692 elementis
322 621 419 712 (quae
436 619 579 708 vocant)
599 619 793 710 imponitur
812 619 856 688 ad
879 619 1047 710 placitum
1066 618 1216 712 decupla

116 737 296 828 proportio
324 757 488 806 excessus
515 735 552 804 in
578 736 722 804 raritate
749 734 793 804 ad
825 735 999 820 invicem;
1033 745 1072 806 et
1096 735 1215 828 hujus·

116 852 211 923 modi
227 853 375 923 somnia.
415 850 546 942 Neque
564 851 700 920 vanitas
718 851 786 920 ista
803 859 944 919 tanturn
964 849 1058 920 valet
1075 851 1112 921 in
1131 853 1216 945 dog-

116 968 281 1050 matibus,
298 990 423 1038 rerum
440 969 549 1038 etiam
567 967 604 1036 in
623 965 827 1036 notionibus
844 964 1071 1057 simplicibus,

165 1236 379 1308 Intellectus
408 1135 828 1328 humanus'lrllllquae
855 1237 965 1309 semel
993 1237 1215 1329 placuerunt,

118 1355 193 1444 (aut
217 1353 303 1446 quia
324 1363 468 1445 recepta
492 1362 575 1423 sunt
601 1362 639 1422 et
661 1353 804 1437 credita,
822 1363 886 1424 aut
907 1355 991 1446 quia
1015 1355 1212 1448 delectant)

116 1472 183 1542 alia
199 1473 309 1541 etiam
330 1469 449 1539 omnia
466 1468 575 1539 trahit
591 1469 637 1539 ad
654 1467 940 1564 suffragationem
955 1481 994 1542 et
1007 1495 1216 1543 consensum

116 1609 196 1656 curn
223 1585 313 1656 illis:
345 1595 383 1656 et
406 1585 489 1655 licet
512 1585 624 1676 major
645 1585 692 1655 sit
714 1585 961 1656 instantiarum
978 1588 1030 1658 ris
1051 1599 1089 1660 et
1106 1591 1217 1682 copia,

117 1726 195 1794 quae
230 1709 423 1773 occurrunt
456 1701 491 1770 iu
527 1700 765 1792 contrarium
803 1711 924 1773 tamen
959 1727 1017 1774 eas
1050 1713 1113 1776 aut
1146 1729 1218 1778 non

118 1819 293 1901 observat,
318 1827 381 1888 aut
410 1819 620 1899 coutemnit,
648 1824 710 1887 aut
738 1818 989 1912 distinguendo
1017 1834 1218 1892 summovet

118 1945 155 2007 et
171 1936 297 2029 rejicit,
316 1959 388 2005 uon
406 1936 481 2006 sine
497 1957 627 2028 magno
645 1945 683 2006 et
700 1935 895 2027 pernicioso
913 1938 1127 2029 praejudicio,
1146 1962 1217 2031 quo

118 2053 294 2144 prioribus
311 2050 381 2122 illis
399 2050 607 2144 syllepsibus
624 2051 815 2121 auctoritas
835 2063 977 2123 maneat
999 2054 1171 2126 inviolata
1180 2055 1219 2125 ⁴⁹.

118 2168 247 2259 ltaque
267 2178 368 2239 recte
391 2168 573 2259 respondit
595 2166 656 2238 ille
666 2163 703 2248 ⁵⁰,
722 2167 794 2258 qui,
813 2189 894 2238 cum
912 2191 1081 2261 suspensa
1097 2173 1219 2242 tabula

119 2286 153 2354 iu
179 2285 317 2379 templo
343 2284 375 2354 ei
402 2293 659 2355 monstraretur
684 2306 819 2366 eorum,
837 2285 898 2376 qui
922 2296 1006 2356 vota
1030 2287 1219 2373 solverant,

119 2403 212 2493 quod
238 2401 414 2494 naufragii
437 2397 594 2492 periculo
615 2397 723 2491 elapsi
745 2398 826 2481 sint,
844 2411 952 2492 atque
970 2403 1220 2498 interrogando

119 2525 349 2609 premeretur,
363 2540 455 2586 aune
473 2525 551 2586 tum
567 2515 710 2608 quidem
726 2513 885 2587 Deorum
904 2541 1035 2588 numen
1053 2543 1221 2614 agnosce·

118 2643 183 2719 ret,
208 2633 373 2727 quaesivit
402 2634 531 2712 denuo,
558 2631 610 2701 At
637 2627 695 2702 oti
718 2641 799 2702 sant
827 2631 882 2703 illi
908 2633 1035 2730 depicti
1059 2638 1120 2732 qui
1140 2648 1221 2732 post

120 2759 193 2820 eota
217 2757 415 2843 nuncupato
434 2746 641 2843 perierint?
677 2747 813 2819 Eadem
834 2751 924 2822 ratio
942 2760 996 2822 est
1014 2754 1089 2825 fere
1106 2757 1221 2826 omnis

120 2866 378 2960 superstitionis
387 2861 424 2948 ⁵¹,
443 2866 538 2934 utin
557 2863 783 2957 astrologicis,
802 2867 838 2935 in
862 2869 1015 2952 somniis,
1034 2869 1221 2954 ominibus,

121 2983 331 3066 nemesibus,
350 2991 387 3054 et
405 2981 628 3072 hujusmodi;
657 2981 693 3050 iu
716 2981 846 3072 quibus
868 2983 1030 3056 homines
1054 2985 1221 3057 delectati

122 3097 323 3190 hujusmodi
346 3097 563 3168 vanitatibus
587 3097 778 3166 advertunt
803 3109 960 3182 eventus,
984 3101 1045 3170 ubi
1072 3101 1222 3194 implen-

123 3223 201 3300 tur;
238 3223 295 3286 ast
327 3214 386 3284 ubi
418 3211 557 3296 fallunt,
587 3211 672 3284 licet
700 3212 815 3284 multo
845 3214 1073 3306 frequentius,
1102 3228 1223 3290 tamen

156 3423 181 3466 θ
194 3425 262 3480 This
273 3425 465 3494 disingenuous
476 3423 622 3478 heheviour
630 3423 653 3478 is
694 3433 723 3478 to
738 3425 841 3494 neglect
859 3424 904 3478 the
915 3425 1002 3480 Truth
1016 3425 1074 3481 that
1087 3427 1148 3482 God
1160 3427 1224 3483 does

122 3503 328 3559 accommoniu
342 3502 652 3573 Philosophyasinlile:
694 3511 742 3555 not
766 3511 844 3572 grant
865 3521 943 3575 every
963 3522 1073 3576 prayer;
1103 3507 1160 3561 that
1181 3507 1225 3562 lle
1293 3525 1295 3530 ’

122 3581 173 3636 and
194 3599 226 3636 so
247 3583 302 3637 this
323 3583 379 3636 also
401 3581 524 3636 trenches
549 3597 585 3634 on
608 3580 654 3635 tho
694 3581 767 3636 osten
784 3591 841 3636 acts
858 3582 958 3656 rightly
975 3584 1017 3638 lor
1034 3603 1076 3648 us,
1091 3585 1168 3640 when
1186 3605 1225 3640 we

123 3667 140 3690 ‘⁴
155 3660 378 3716 ldola'l'heetri.”
695 3677 761 3731 pray
772 3662 891 3732 wrongly
903 3662 945 3716 sor
957 3665 1099 3719 ourselves.

156 3739 182 3778 ⁵⁰
201 3740 333 3808 Diagoras
362 3738 408 3793 the
436 3738 550 3792 Atheist.
593 3739 653 3792 Ari·
730 3737 753 3776 ⁵¹
779 3738 966 3808 Superstition,
990 3741 1090 3812 arising
1115 3743 1183 3798 lrom
1210 3762 1226 3798 a

124 3817 210 3888 noph.
228 3817 297 3872 Rau.
313 3833 391 3887 gam:
416 3817 451 3870 cl.
470 3818 526 3870 also
545 3816 601 3871 Cic.
621 3816 654 3872 de
694 3834 788 3887 wrong
808 3819 875 3872 tien
895 3821 936 3887 (r)
957 3819 988 3874 oi
1006 3820 1091 3874 God’s
1112 3839 1224 3892 govern-

125 3893 186 3950 Nst.
199 3896 282 3950 Deor.
295 3895 331 3949 iii.
344 3911 388 3966 37,
401 3895 488 3949 where
506 3895 559 3950 this
576 3913 653 3950 anec-
695 3906 775 3960 ment,
800 3898 841 3967 (a)
865 3898 896 3951 ol
921 3898 967 3952 the
992 3897 1173 3956 Constitution
1197 3901 1229 3955 ol

124 3971 183 4028 dote
209 3975 231 4028 is
260 3973 368 4028 related.
413 3974 535 4044 Religion
559 3974 654 4028 suffers
695 3975 798 4030 Nature
816 3993 845 4030 es
862 3975 913 4030 llis
927 3979 1010 4030 work.
1046 3978 1104 4032 The
1122 3980 1226 4050 subject

123 4061 193 4107 most
211 4052 281 4106 l'rorn
301 4051 346 4107 the
364 4053 430 4106 false
449 4051 554 4122 ground
573 4053 654 4106 taken
694 4054 716 4108 is
733 4055 831 4108 treated
850 4064 877 4108 at
895 4065 997 4127 greater
1015 4057 1108 4128 length
1127 4058 1187 4112 infr.
1202 4057 1225 4112 l.

124 4129 204 4200 byits
217 4139 380 4201 supponere.
418 4130 481 4185 And
496 4147 526 4184 so
541 4131 654 4185 suchan
695 4131 738 4203 65.
751 4132 804 4186 and
817 4135 858 4203 89.

124 4211 214 4278 appenl
234 4217 263 4262 to
281 4209 329 4263 the
348 4209 452 4264 Atheist
471 4207 558 4262 failed.
596 4208 654 4263 'l'he
732 4211 783 4265 For
792 4211 836 4266 the
846 4212 967 4283 question
976 4213 1007 4268 ol
1015 4213 1129 4268 Bacon's
1139 4212 1225 4274 heliel,

125 4302 196 4340 error
211 4287 255 4358 lay
266 4287 294 4341 in
308 4287 367 4341 thu
381 4287 525 4342 feebleness
544 4287 575 4341 oi
590 4287 654 4342 luith
696 4291 861 4362 soviolently
870 4291 1016 4363 impugned
1026 4292 1061 4364 by
1070 4291 1106 4344 Le
1115 4291 1226 4344 Maistre

126 4381 222 4436 among
234 4365 279 4420 the
292 4367 428 4429 hncieuts,
437 4364 525 4420 which
537 4365 580 4419 led
593 4383 654 4420 rnen
695 4368 748 4422 and
761 4368 859 4434 others,
872 4387 915 4424 see
928 4369 1069 4442 Appeud'm
1084 4369 1115 4422 C.
