3268 5146
648 343 871 429 n1n.11.3e.
1247 350 1308 412 cei

208 505 364 588 horrent,
391 505 509 599 qualia
534 520 618 581 sunt
642 509 733 583 sales
758 533 893 584 omnes.
945 511 1122 586 Videmus
1146 513 1254 599 enim,
1280 516 1309 585 si

201 621 382 714 jaciantur
408 623 445 693 in
475 625 607 719 ignem,
634 629 799 720 spiritum
827 651 983 720 aqueum
1014 649 1199 723 erumpere
1227 653 1311 702 cnm

209 739 358 834 fragore,
375 749 565 834 antequam
583 741 728 814 flamma
744 745 986 839 concipiatur3
1012 747 1234 838 quodetiam
1257 744 1311 818 le-

209 857 305 926 niter
329 855 373 926 iit
398 855 436 926 in
463 856 556 929 loliis
582 857 690 951 paulo
715 862 1045 944 contumacioribus,
1069 870 1171 955 parte
1197 885 1312 955 aquea

210 980 430 1064 erumpente,
448 982 640 1066 antequam
659 975 777 1048 cleosa
798 978 976 1072 concipiat
994 976 1184 1049 dammam.
1237 975 1310 1049 Sed

209 1089 367 1160 maxime
392 1088 549 1160 oemitnr
571 1089 638 1162 hoe
663 1091 700 1162 in
726 1100 875 1186 argento
891 1094 982 1176 viro,
999 1094 1095 1186 quod
1120 1115 1192 1164 non
1218 1094 1312 1164 male

211 1205 343 1275 dicitur
364 1225 457 1296 aqua
482 1204 672 1278 mineralis.
725 1206 807 1278 Hoc
833 1209 939 1293 enim,
957 1209 1090 1302 absque
1115 1207 1312 1280 inflamma-

212 1321 320 1404 tione,
337 1341 401 1412 per
417 1323 639 1415 eruptionem
658 1331 697 1395 et
714 1326 968 1418 expensionem
992 1325 1200 1418 simplicem,
1219 1327 1312 1398 vires

213 1436 368 1530 pulveris
397 1439 489 1532 pyrii
519 1439 595 1510 fere
625 1439 811 1533 adaquat3
845 1441 941 1532 quod
971 1442 1081 1512 etiam
1110 1442 1312 1513 admixtum

212 1553 350 1647 pulveri
368 1555 468 1648 pyrio
483 1554 560 1647 ejus
577 1556 669 1626 vires
685 1555 924 1649 multiplicare
941 1556 1081 1628 dicitur.

264 1667 329 1760 (8.)
356 1667 539 1754 Similiter,
557 1671 604 1742 sit
626 1679 752 1742 natura
772 1673 951 1764 inquisita,
969 1673 1171 1743 transitoria
1188 1681 1314 1746 natura

212 1783 374 1868 llammae,
391 1794 430 1856 et
454 1786 629 1859 extinctio
654 1787 730 1880 ejus
754 1784 1050 1860 momentaneam.
1103 1785 1191 1859 Non
1217 1791 1312 1861 enim

214 1901 356 1972 videtur
371 1910 498 1973 natura
513 1901 679 1976 flammea
698 1903 758 1974 hic
780 1903 875 1996 apud
893 1925 958 1975 nos
975 1904 1036 2000 ligi
1054 1914 1092 1975 et
1108 1905 1313 1989 consistere,

213 2018 275 2088 sed
300 2017 450 2113 singulis
467 2020 566 2111 quasi
587 2021 779 2091 momentis
803 2022 974 2112 generari,
995 2031 1033 2090 et
1058 2021 1180 2092 statim
1198 2022 1315 2092 extin-

213 2134 286 2228 gui.
338 2134 571 2206 Manifestum
588 2136 686 2208 enim
702 2138 812 2207 estin
834 2133 1001 2222 flammis,
1018 2159 1096 2230 quoe
1120 2137 1179 2207 hic
1204 2139 1317 2208 conti·

213 2258 370 2322 nuantur
385 2259 424 2323 et
441 2251 580 2335 durant,
598 2253 704 2324 istam
721 2253 944 2324 durationem
969 2275 1041 2324 non
1060 2275 1136 2326 esse
1154 2255 1313 2347 ejusdem

214 2364 365 2438 flammae
390 2368 428 2438 in
453 2367 644 2452 individuo,
662 2369 725 2441 sed
746 2369 822 2439 fieri
845 2391 907 2461 per
929 2370 1189 2441 successionem
1215 2391 1315 2441 nove

215 2481 367 2555 ilammae
405 2485 561 2555 seriatim
599 2495 787 2580 generata,
826 2485 973 2556 minime
1011 2494 1133 2556 autern
1174 2507 1317 2557 manere

216 2600 378 2672 eamdem
404 2599 584 2672 flammam
609 2623 779 2685 numero;
806 2601 841 2672 id
860 2601 956 2693 quod
978 2601 1081 2673 facile
1107 2603 1317 2695 perspicitur

215 2737 263 2786 ex
278 2715 357 2800 hoc,
375 2717 471 2810 quod
496 2717 677 2790 subtracto
702 2717 875 2790 alimento
901 2719 975 2788 sire
1002 2718 1129 2789 fomite
1153 2717 1315 2803 llammoe,
1365 2785 1369 2791 .

216 2830 363 2903 damma
384 2833 505 2905 statim
521 2843 655 2927 pereat.
707 2833 853 2904 Bivium
878 2843 1000 2905 antem
1024 2833 1116 2905 circs
1140 2832 1232 2905 hanc
1256 2858 1319 2907 ne-

216 2959 333 3020 tnram
351 2949 423 3020 tale
440 2957 506 3022 est.
554 2947 812 3020 Momentanea
830 2951 899 3021 ista
914 2957 1042 3020 natura
1058 2957 1121 3021 ant
1138 2950 1181 3020 iit
1197 2951 1319 3020 remit·

216 3075 317 3139 tente
342 3089 381 3138 se
406 3089 522 3152 causa,
539 3089 618 3161 quoe
639 3089 718 3138 eam
744 3070 859 3160 primo
883 3068 1020 3162 genuit,
1039 3074 1081 3136 ut
1106 3069 1143 3136 in
1170 3065 1317 3152 lumine,

214 3183 322 3266 sonis,
352 3191 392 3254 et
421 3184 577 3254 motibus
607 3182 712 3276 (quos
741 3183 885 3272 vocant)
916 3182 1098 3266 violentis;
1128 3191 1192 3253 aut
1221 3183 1318 3275 quod

217 3295 362 3369 flamma
377 3298 414 3367 in
433 3307 560 3370 natura
575 3320 638 3368 sua
654 3299 765 3390 possit
788 3297 847 3368 hic
872 3295 966 3390 apud
992 3319 1057 3367 nos
1082 3319 1237 3380 manere,
1256 3297 1318 3368 sed

215 3435 240 3484 a
268 3413 451 3486 contrariis
481 3414 616 3484 naturis
646 3412 868 3485 circumfusis
898 3413 970 3483 vim
1004 3413 1161 3505 patiatur
1190 3421 1229 3482 et
1260 3411 1322 3483 de-

216 3535 388 3598 struatur.

270 3639 399 3736 Itaque
428 3645 559 3738 poterit
590 3667 666 3717 esse
696 3645 790 3718 circa
821 3644 890 3716 hoc
918 3643 1120 3736 subjectum
1152 3641 1323 3715 instantia

214 3758 332 3830 mci
349 3760 440 3832 talis.
494 3757 672 3834 Videmus
688 3761 849 3834 flammas
866 3759 906 3830 in
923 3761 1100 3832 incendiis
1120 3759 1323 3853 majoribus,

216 3897 325 3968 qnam
351 3875 424 3949 alte
449 3876 486 3947 in
512 3899 651 3949 sursum
676 3877 881 3950 ascendant.
934 3875 1083 3960 Quanto
1109 3875 1205 3947 enim
1233 3873 1325 3946 basis

254 4080 280 4121 Β
290 4080 349 4136 The
360 4082 501 4155 mdtery
508 4083 640 4140 naemei
650 4084 748 4142 Flamc.
790 4081 902 4138 kindled
913 4082 964 4138 A'n·
974 4081 998 4137 is
1011 4081 1101 4138 ldame
1109 4084 1141 4142 ,is
1159 4078 1269 4144 sbsurd,
1282 4095 1326 4133 are

219 4157 263 4214 Gi.
283 4177 372 4232 supra,
394 4159 489 4233 ll.13.
510 4160 577 4218 Inst.
591 4176 634 4235 η.
646 4193 682 4204 -
695 4162 748 4218 Bu·
789 4161 963 4223 unfortunate
977 4158 1153 4232 dogmatisms
1175 4177 1211 4216 on
1230 4176 1265 4212 sn
1284 4157 1326 4212 in-

218 4239 295 4294 con’s
325 4239 494 4296 conclusione
523 4238 582 4295 that
604 4241 654 4298 Air
679 4258 752 4298 com-
793 4239 927 4295 sufficient
944 4237 1026 4302 buis,
1039 4255 1069 4292 us
1088 4238 1138 4294 Air
1152 4239 1177 4292 is
1195 4236 1241 4292 the
1256 4232 1330 4288 chief

218 4317 573 4388 prerthmeandthat
589 4329 618 4377 to
636 4319 752 4392 saythnt
793 4315 1086 4392 supponerolnms
