3268 5146
319 322 385 390 216
645 322 820 390 NOVUM
842 321 1091 391 ORGANUM.

318 453 567 572 monendum¹
583 497 626 558 ut
642 485 830 584 diligentia
854 489 1041 560 hominum
1066 489 1104 558 in
1127 486 1359 579 inquisitione
1385 495 1426 560 et

320 603 486 698 congerie
512 603 682 676 naturalis
707 604 861 675 historie
879 605 1047 698 deinceps
1072 610 1234 675 mutetur
1251 602 1368 698 plane,
1386 612 1427 675 et

319 725 480 792 vertatur
509 721 547 792 in
578 719 794 790 contrarium
823 721 910 812 ejus,
941 719 1037 813 quod
1067 741 1164 790 nnnc
1193 719 1231 789 in
1261 741 1329 790 usu
1358 725 1426 790 est.

322 833 461 930 Magna
486 837 583 907 enim
607 834 792 926 hucusque
817 842 925 927 atque
951 834 1040 906 adeo
1064 833 1202 906 curiosa
1217 832 1287 904 fuit
1308 833 1427 904 homi·

320 973 407 1022 num
424 951 609 1038 industria,
624 951 662 1021 in
680 951 838 1022 notanda
853 972 973 1021 rerum
990 949 1172 1033 varietate,
1187 959 1296 1042 atque
1313 949 1429 1043 expli·

321 1065 442 1138 candia
462 1068 636 1138 accuratis
658 1065 876 1149 animalium,
895 1066 1096 1148 herbarum,
1113 1074 1152 1138 et
1169 1065 1343 1138 iossilium
1360 1065 1430 1137 dii-

322 1181 504 1268 ferentiis3
532 1204 683 1274 quarum
707 1181 883 1275 plcroeque
909 1183 1023 1276 magis
1050 1190 1135 1253 sunt
1158 1181 1256 1254 lusus
1280 1190 1428 1266 naturae,

322 1321 429 1392 quam
447 1299 546 1370 seriae
562 1297 712 1392 alicujus
730 1296 896 1370 utilitatis
913 1319 1034 1368 versus
1051 1298 1227 1369 scientias.
1275 1296 1429 1369 Faciunt

322 1424 421 1486 certe
454 1415 660 1510 hujusmodi
689 1436 746 1485 res
779 1411 825 1484 ad
855 1412 1146 1498 delectationem,
1175 1421 1286 1507 atque
1316 1414 1427 1487 etiam

324 1531 537 1624 quandoque
554 1531 600 1601 ad
616 1531 764 1624 praxim
785 1551 909 1602 varum
926 1530 971 1600 ed
989 1530 1305 1624 introspiciendam
1321 1539 1429 1602 natu-

324 1669 401 1718 ram
425 1669 560 1739 parum,
584 1655 648 1718 aut
673 1645 772 1716 nihil.
825 1643 952 1738 Itaque
978 1647 1217 1718 convertenda
1241 1647 1348 1741 plane
1373 1655 1430 1718 est

324 1785 431 1854 opera
457 1762 502 1832 ad
525 1762 754 1855 inquirendas
775 1769 814 1834 et
836 1762 1008 1833 notandas
1033 1785 1152 1834 rerum
1177 1763 1430 1836 similitudines

324 1887 363 1950 et
389 1878 549 1974 analoga,
575 1887 650 1952 tam
677 1879 715 1950 in
742 1878 984 1974 integralibus,
1014 1903 1121 1972 quam
1147 1880 1326 1973 partibus:
1357 1880 1429 1952 illae

324 1997 420 2067 enim
445 2004 634 2088 suntque
659 2005 823 2068 naturam
848 1995 989 2078 uniunt,
1010 2006 1049 2068 et
1072 1996 1290 2069 constituere
1315 1998 1432 2070 scien·

326 2115 392 2185 tias
409 2109 631 2208 incipiuntffl.

374 2229 514 2302 Verum
528 2231 567 2300 in
584 2229 641 2301 his
656 2229 803 2300 omnino
820 2237 875 2302 est
891 2229 1094 2302 adhibenda
1110 2231 1230 2302 cautio
1246 2231 1363 2326 gravis
1390 2239 1431 2303 et

325 2369 468 2430 severa3
503 2355 547 2416 ut
577 2346 795 2440 accipiantur
823 2368 888 2440 pro
916 2345 1094 2418 instantiis
1124 2344 1358 2442 conformibus
1391 2359 1432 2418 et

319 2462 597 2558 proportionalita
621 2462 702 2546 illae,
720 2485 800 2556 quoe
826 2463 997 2534 denotant
1024 2461 1276 2534 similitudines
1301 2461 1358 2552 (ut
1384 2464 1431 2536 ab

325 2579 428 2650 initio
445 2579 617 2672 diximus)
635 2578 818 2673 physicas;
837 2579 875 2650 id
893 2587 960 2664 est,
977 2579 1091 2652 reales
1111 2587 1150 2650 et
1166 2579 1429 2667 substantiales,

327 2703 365 2766 et
381 2697 566 2767 immersas
590 2697 628 2766 in
654 2703 801 2778 natura3
827 2717 900 2766 non
923 2694 1089 2767 fortuitas
1115 2705 1155 2766 et
1180 2697 1225 2767 ad
1252 2699 1432 2790 speciem;

326 2810 442 2884 multo
468 2813 585 2882 minus
614 2811 876 2904 superstitiosas
901 2819 964 2882 aut
989 2813 1152 2896 curiosas,
1178 2813 1302 2906 quales
1327 2823 1433 2886 natu·

327 2927 409 2999 ralis
434 2927 559 3022 magiae
584 2927 773 3020 scriptores
798 2923 977 3016 (homines
1002 2927 1182 3012 levissimi,
1199 2935 1238 3000 et
1259 2929 1299 3000 in
1326 2931 1433 3003 rebus

326 3052 401 3115 tam
427 3045 536 3127 seriis,
556 3043 679 3136 quales
696 3064 792 3114 nunc
810 3044 959 3138 agimus,
977 3045 1038 3116 vix
1056 3043 1278 3138 nominandi)
1298 3046 1433 3138 ubique

326 3167 529 3245 ostentant;
561 3181 691 3254 magna
716 3181 798 3231 cum
824 3159 985 3230 vanitate
1010 3169 1048 3232 et
1073 3161 1284 3254 desipientia
1309 3163 1434 3235 inanes

326 3277 576 3349 similitudines
602 3286 641 3349 et
666 3275 883 3368 sympathias
909 3297 1028 3347 rerum
1054 3277 1306 3363 describentes,
1322 3287 1433 3372 atqua

327 3394 438 3464 etiam
455 3392 671 3486 quandoque
688 3391 912 3487 affingentes.

366 3509 505 3584 Verum
523 3509 578 3579 bis
595 3509 719 3592 missia,
734 3508 843 3580 etiam
860 3509 898 3578 in
918 3509 993 3602 ipsa
1010 3509 1290 3604 configuratione
1307 3513 1436 3584 mundi

328 3629 366 3700 in
383 3628 575 3721 majoribus
598 3651 669 3698 non
688 3637 772 3699 sunt
789 3627 1013 3723 negligendae
1030 3629 1207 3700 instuctioe
1222 3629 1436 3727 conformes:

329 3744 441 3817 veluti
468 3743 600 3828 Africa,
626 3753 665 3816 et
690 3745 789 3839 regio
816 3745 1025 3830 Peruviana,
1055 3769 1137 3817 cum
1162 3747 1372 3820 continente
1397 3771 1438 3824 se

329 3863 530 3957 porrigente
555 3883 668 3954 usque
693 3861 738 3931 ad
765 3860 899 3933 fretum
923 3860 1216 3958 Megellanicum.
1272 3863 1438 3959 Utraque

365 4043 392 4084 ⁶⁸
407 4041 474 4098 'l'his
486 4044 607 4114 warning
621 4043 651 4098 oi
662 4041 778 4098 Bacon’s
796 4041 861 4100 dces
901 4061 976 4098 more
986 4045 1010 4100 is
1022 4052 1050 4100 to
1061 4045 1096 4100 be
1107 4046 1193 4101 learnt
1203 4046 1231 4101 'm
1240 4045 1354 4120 Physica
1367 4049 1438 4104 lrom

331 4133 379 4181 not
392 4123 465 4197 quite
482 4121 862 4194 egraewitbhiswamiugin
902 4123 1023 4197 noticing
1051 4123 1206 4182 diffamata
1234 4125 1304 4182 than
1337 4145 1439 4185 ruam·

332 4203 356 4259 1.
368 4217 412 4276 55.
451 4200 503 4256 His
522 4217 582 4255 own
600 4201 659 4256 lova
677 4199 709 4254 ol
725 4200 862 4272 andogies
903 4200 1020 4258 blancae.

331 4281 421 4338 would
432 4278 491 4336 lead
502 4278 559 4334 blm
571 4277 683 4335 totilla:
705 4277 756 4335 but
773 4279 863 4352 surely
876 4331 879 4340 ,
