3156 5176
598 361 687 429 nrn.
713 363 758 429 rr.
780 380 834 450 50.
1202 365 1268 434 oss

165 515 360 615 Utonnque
377 520 423 593 de
444 523 591 615 opificiis
607 533 645 596 et
662 524 848 598 effectibus
871 547 978 596 moroe
1001 525 1158 618 undique
1181 535 1266 597 sunt

163 637 355 732 diligenter
371 639 619 729 conquirenda
635 642 823 712 instantiae.

214 753 281 846 (5.)
306 749 362 822 At
381 754 539 848 regimen
565 762 685 826 motus
702 755 812 850 (quod
833 764 890 828 est
910 757 1055 850 quintus
1080 779 1126 829 ex
1151 756 1268 828 modis

164 869 348 964 operandi)
376 890 448 941 non
477 892 603 965 parum
630 871 736 943 valet.
787 871 964 968 Regimen
993 881 1115 943 nutem
1145 879 1266 944 motus

162 1006 340 1068 voonmns,
358 1007 440 1055 oum
463 1007 590 1080 eorpus
610 986 708 1059 aliud
729 1011 927 1072 ooourrens,
947 990 1103 1084 eorporis
1119 987 1267 1060 alterius

164 1108 304 1172 motum
326 1109 560 1194 spontaneum
586 1103 746 1197 impedit,
768 1103 923 1198 repellit,
944 1104 1116 1189 admittit,
1133 1105 1267 1199 dirigit.

165 1214 249 1288 Hoe
260 1239 345 1289 raro
361 1215 558 1311 plerunque
576 1220 614 1291 in
631 1220 753 1315 figuris
771 1229 810 1292 et
826 1221 898 1292 situ
914 1241 1076 1291 vasorum
1094 1219 1266 1292 consistit.

166 1331 314 1405 Etenim
336 1354 446 1405 oonns
471 1343 610 1406 erectus
628 1335 734 1428 juvat
759 1338 803 1408 ad
830 1337 1143 1408 condennationem
1161 1358 1267 1429 vapo-

165 1471 244 1520 rum
265 1449 303 1520 in
319 1447 520 1536 alembiois;
545 1458 584 1522 at
607 1474 718 1523 oonus
743 1453 903 1524 inversus
920 1453 1027 1545 juvat
1050 1453 1096 1523 ad
1121 1452 1268 1524 delaeee·

165 1563 302 1635 tionem
318 1562 473 1635 aaoolrari
490 1565 527 1636 in
545 1567 635 1638 vasis
652 1568 875 1662 resupinatis.
921 1565 1127 1660 Aliquando
1144 1577 1267 1640 antem

164 1680 319 1750 sinuatio
335 1681 534 1772 requiritur,
552 1690 590 1754 et
614 1684 828 1777 angustatio,
845 1692 884 1756 et
904 1682 1066 1754 dilatatio
1081 1706 1146 1776 per
1162 1685 1267 1768 vices,

165 1804 205 1867 et
233 1795 446 1888 hujusmodi.
497 1795 618 1870 Etiam
644 1801 760 1871 omnia
789 1799 981 1892 persolutio
1010 1799 1081 1870 huo
1108 1808 1266 1894 speetat3

166 1908 303 1982 scilieet
327 1931 409 1982 oum
435 1933 561 2005 eorpus
586 1936 773 1985 oecurrens
798 1915 861 1985 uni
886 1913 977 2007 perti
1001 1915 1155 2008 eorporis
1177 1914 1267 1988 alte·

166 2025 238 2098 rius
258 2026 352 2097 viam
374 2027 498 2121 aperit,
522 2026 625 2100 alteri
651 2031 813 2102 obstruit.
867 2027 1000 2122 Neque
1025 2051 1165 2124 semper
1184 2055 1266 2124 per-

166 2140 296 2216 oolatio
325 2152 389 2214 ant
417 2142 515 2214 alind
543 2145 703 2240 regimen
733 2154 853 2218 motus
879 2144 921 2218 lit
949 2168 1015 2239 por
1043 2155 1165 2230 extrn;
1201 2149 1264 2220 sed

166 2260 275 2332 etiam
292 2281 357 2354 per
378 2283 505 2354 eorpus
528 2261 565 2331 in
588 2285 753 2356 corpore:
779 2271 822 2334 nt
839 2285 920 2334 oum
938 2262 1048 2356 lapilli
1066 2264 1267 2336 immittun-

165 2382 225 2446 tur
257 2375 294 2446 in
327 2397 435 2468 aquas
467 2377 513 2447 ad
546 2377 782 2473 colligendam
818 2377 1048 2449 limositatem
1084 2379 1269 2470 ipsarum

166 2491 285 2587 syrnpi
308 2491 546 2564 clarificantur
567 2515 649 2565 oum
671 2492 911 2566 albuminibua
933 2515 1089 2576 ovorum,
1110 2501 1153 2564 nt
1175 2516 1266 2565 oras-

166 2607 275 2680 siorea
302 2615 420 2701 partes
448 2609 698 2695 adhaerescunt,
725 2619 764 2682 et
788 2619 913 2704 postea
937 2609 1089 2703 separari
1119 2610 1265 2704 possint.

168 2723 289 2796 Etiam
304 2724 388 2795 huin
404 2725 568 2820 regimini
585 2737 704 2798 motus
726 2728 811 2800 satis
828 2727 956 2798 leviter
971 2736 1009 2798 et
1024 2726 1150 2798 inseite
1167 2727 1269 2798 attri-

167 2841 247 2913 bnit
270 2837 467 2913 'l'elosins²6
491 2839 621 2936 figuras
650 2842 867 2924 animalium,
898 2842 945 2913 ob
970 2841 1101 2913 rivulos
1131 2842 1269 2913 scilieet

167 2964 207 3028 et
226 2956 360 3028 looulos
384 2956 551 3028 matrinis.
609 2955 795 3029 Debuerat
815 2965 937 3027 autem
963 2965 1088 3028 notare
1114 2955 1266 3028 similem

166 3070 448 3145 efformationem
466 3073 503 3142 in
522 3071 623 3144 testis
640 3095 799 3156 ovorum,
816 3071 877 3142 nbi
895 3093 967 3142 non
990 3079 1075 3141 aunt
1090 3093 1188 3165 rugae
1204 3080 1269 3140 aut

165 3187 397 3282 inequalitas.
422 3187 477 3259 At
488 3209 611 3258 aarum
624 3196 680 3260 est
695 3188 854 3282 regimen
871 3195 990 3258 motus
1007 3185 1269 3258 efformationes

166 3305 335 3400 perfluere
353 3304 389 3374 in
407 3303 560 3375 modulis
577 3312 616 3375 et
631 3303 863 3398 propinatiois.

219 3419 285 3516 (6.)
311 3420 546 3515 Operationes
571 3442 655 3490 vero
679 3443 744 3515 per
767 3439 959 3492 eonsensua
982 3425 1046 3489 ant
1071 3417 1175 3512 fugas
1192 3415 1270 3509 (qui

166 3547 290 3610 sextus
322 3537 451 3609 modus
483 3541 554 3630 est)
588 3536 703 3609 latent
736 3558 976 3632 sepenumero
1010 3536 1047 3606 in
1081 3533 1269 3626 profundo.

167 3652 251 3725 Istae
267 3653 363 3725 enim
382 3651 483 3746 (quas
500 3655 644 3746 vocant)
662 3655 897 3748 proprietates
921 3650 1079 3735 oecultae,
1097 3658 1135 3720 et
1158 3649 1271 3744 speei-

166 3769 252 3853 fiooe,
270 3776 308 3840 et
328 3769 535 3862 sympathia
559 3777 597 3840 et
619 3768 836 3862 antipathia,
854 3775 938 3840 sunt
961 3788 1089 3860 magna
1105 3787 1151 3836 ex
1170 3773 1271 3860 parte

166 3884 375 3980 oorrnpteloe
400 3884 629 3979 philosophia}
638 3881 677 3958 ²⁷.
730 3884 863 3979 Neque
889 3886 934 3956 de
959 3882 1187 3955 eonsensibua
1216 3902 1272 3952 re-

202 4105 229 4147 ¹⁸
240 4105 353 4164 Teleaio.
372 4105 415 4162 Gi.
428 4124 502 4180 supr.
515 4106 539 4162 1.
554 4107 614 4163 116.
737 4107 773 4166 he
791 4109 888 4180 speaks
906 4107 937 4164 ol
954 4107 1001 4164 the
1013 4103 1121 4160 “cruda
1141 4103 1224 4176 Spirit
1243 4101 1273 4158 in

203 4185 229 4228 ²7
245 4186 318 4242 How
336 4186 378 4240 iar
397 4203 451 4241 was
475 4184 568 4241 Baeon
591 4185 701 4243 himself
738 4185 953 4251 Nrtre,”andits
965 4185 1068 4241 aetion:
1082 4179 1276 4237 orinsomeoi

166 4265 222 4322 irae
233 4263 304 4320 from
315 4263 390 4321 these
400 4263 563 4320 inlinentes?
582 4281 611 4320 aa
618 4265 697 4322 when
722 4333 726 4340 .
737 4266 781 4323 his
793 4266 875 4322 kinds
887 4265 918 4322 oi
928 4265 1022 4320 Morsu
1035 4261 1063 4315 'ur
1072 4258 1145 4330 aph.
1155 4260 1209 4328 48?
