3268 5146
642 361 731 428 ms.
754 359 801 427 11.
817 380 871 442 40.
1234 358 1299 428 267

199 526 333 620 pandit,
351 525 462 621 frigus
478 527 668 600 contrahit.
714 525 845 621 Neque
862 548 980 600 rursus
998 524 1060 598 illa
1075 525 1243 619 expansio
1262 535 1301 598 et

199 643 396 716 contractio
412 645 502 716 aeris
518 643 711 738 percipitur
726 645 771 716 ad
790 644 925 716 visum:
950 650 988 714 at
1012 644 1072 714 a'e’r
1088 641 1149 716 ille
1166 665 1300 734 expan-

200 781 259 832 sus
283 781 412 852 aquam
438 759 615 852 deprimit,
645 769 848 832 contractus
877 757 1034 843 attollit;
1067 781 1109 830 ao
1133 767 1212 830 tum
1238 758 1301 833 de·

199 897 300 948 mum
316 876 359 946 fit
375 874 545 948 deductio
561 876 607 947 ad
617 878 750 959 ¹risum,
768 899 840 948 non
855 884 950 960 ante,
968 883 1032 945 aut
1049 873 1145 945 alias.

249 989 424 1064 Similiter
439 991 486 1062 sit
502 1000 630 1062 natura
645 991 823 1084 inquisita,
841 992 991 1062 mistura
1006 1011 1214 1082 corporum;
1232 990 1298 1060 via.

201 1107 287 1200 quid
304 1107 460 1180 babeant
476 1130 524 1180 ex
540 1131 664 1200 aqueo,
682 1109 768 1201 quid
787 1131 834 1179 ex
851 1107 979 1190 oleoso,
994 1107 1079 1199 quid
1097 1127 1144 1178 ex
1161 1107 1299 1200 spiritu,

200 1225 285 1316 quid
303 1225 496 1308 exciuere,
514 1233 553 1296 et
576 1225 719 1309 salibus,
736 1232 775 1295 et
792 1223 1014 1320 hujusmodi:
1040 1221 1224 1296 ueletiam
1245 1222 1299 1314 (in

199 1339 418 1435 particulari)
443 1341 528 1434 quid
554 1341 685 1414 habeat
710 1341 764 1414 lac
789 1341 917 1434 butyri,
934 1340 1020 1433 quid
1043 1338 1194 1434 coaguli,
1211 1339 1299 1431 quid

200 1458 280 1542 seri,
306 1466 345 1529 et
369 1457 582 1550 hujusmodi.
635 1457 722 1530 Haeo
748 1458 973 1530 deducuntur
998 1456 1043 1527 ad
1069 1478 1212 1528 sensum
1235 1479 1301 1550 per

200 1573 404 1645 artificiosas
428 1581 467 1646 et
492 1575 623 1666 peritas
648 1575 896 1667 separationes,
914 1581 1090 1664 quatenus
1115 1573 1160 1644 ad
1184 1574 1300 1667 tangi·

201 1687 295 1760 bilia
345 1685 400 1760 At
416 1696 544 1760 natura
568 1688 712 1782 spiritus
729 1690 767 1760 in
783 1690 876 1782 ipsis
894 1688 979 1760 lioet
996 1689 1201 1760 immediate
1226 1710 1298 1758 non

199 1805 423 1901 percipiatur,
441 1813 562 1878 tamen
587 1804 867 1897 deprehenditur
892 1827 956 1899 per
978 1805 1091 1876 varios
1115 1812 1235 1876 motus
1261 1812 1300 1876 et

201 1924 308 1996 nixus
333 1945 518 2016 corporum
543 1921 780 2016 tangibilium,
800 1923 837 1992 in
862 1923 938 2014 ipso
964 1929 1047 1992 actu
1071 1928 1109 1991 et
1135 1943 1300 2015 processu

201 2040 429 2135 separationis
445 2059 538 2112 soa:
564 2048 673 2133 atque
690 2039 800 2110 etiam
818 2061 881 2132 per
897 2037 1115 2122 acrimonias,
1132 2039 1301 2110 comesio-

200 2180 273 2241 nes,
296 2165 335 2232 et
362 2159 515 2230 diversos
541 2156 686 2240 colores,
711 2157 844 2236 odores,
872 2163 911 2226 et
937 2175 1078 2247 sapores
1105 2155 1300 2226 eomndem

201 2297 390 2368 corporum
407 2281 487 2367 post
503 2272 772 2366 separationem.
823 2269 945 2363 Atque
962 2270 1000 2340 in
1017 2268 1084 2341 hac
1106 2278 1218 2362 parte,
1235 2292 1300 2364 per

202 2391 450 2466 distillationes
488 2399 596 2482 atque
635 2389 839 2460 artificiosas
872 2387 1120 2481 separationes,
1154 2395 1299 2460 strenue

201 2509 346 2582 saneah
363 2507 566 2580 hominibus
582 2505 804 2578 elaboratum
821 2512 899 2590 est;
918 2504 982 2576 sed
998 2525 1069 2575 non
1089 2501 1204 2574 multo
1222 2502 1301 2575 feli·

201 2629 276 2700 oius
293 2647 399 2719 quam
422 2625 460 2694 in
482 2625 618 2696 ceteris
643 2621 1002 2717 experimentisque
1026 2620 1143 2691 adhue
1168 2620 1206 2690 in
1232 2641 1299 2692 usu

201 2753 304 2816 sunt:
329 2742 445 2814 modis
462 2740 631 2812 nimirum
654 2761 796 2834 prorsus
819 2737 1031 2832 palpatoriis,
1048 2745 1088 2808 et
1104 2737 1171 2807 viis
1188 2735 1299 2820 oaeois,

201 2869 241 2934 et
264 2861 378 2954 magis
402 2879 549 2951 operose
571 2879 678 2950 quam
704 2855 966 2950 intelligentem
991 2862 1031 2925 et
1055 2852 1167 2947 (quod
1192 2853 1301 2946 pessi-

201 2999 301 3048 mum
318 2976 387 3068 est)
405 2973 503 3046 nulla
519 2997 601 3044 cum
618 2974 818 3043 imitatione
835 2980 898 3043 aut
915 2971 1138 3042 aemulatione
1155 2977 1300 3053 naturae,

199 3094 264 3166 sed
286 3115 368 3166 cum
391 3091 633 3162 destructione
652 3087 731 3182 (per
745 3087 880 3160 calores
896 3087 1134 3166 vehementes,
1151 3093 1215 3156 aut
1233 3086 1302 3154 rir-

201 3219 298 3284 tutes
323 3209 428 3282 nimia
454 3206 602 3295 validas)
628 3205 744 3277 omnis
767 3202 962 3275 subtilioris
987 3201 1238 3283 schematismi,
1262 3202 1301 3272 in

200 3350 273 3422 quo
287 3325 437 3400 occulte
454 3347 573 3396 rerum
591 3323 741 3394 virtutes
757 3329 797 3391 et
813 3341 1004 3393 consensus
1027 3319 1201 3411 precipuo
1223 3318 1302 3390 sitae

201 3454 295 3518 urat.
345 3443 476 3536 Neque
492 3439 582 3514 illud
600 3439 719 3522 etiam,
737 3437 832 3530 quod
857 3436 945 3509 alias
969 3431 1214 3518 monuimus⁴²,
1238 3433 1304 3504 ho·

200 3559 357 3632 minibus
372 3560 410 3630 in
426 3566 587 3632 mentem
612 3565 676 3628 aut
698 3554 981 3628 observationem
996 3551 1120 3624 renim
1146 3550 1238 3624 solet
1263 3552 1302 3622 in

201 3676 404 3770 hujusmodi
427 3672 725 3768 separationibus:
751 3671 820 3744 hoo
842 3678 905 3753 est,
928 3669 1097 3762 plurimas
1114 3667 1305 3760 qualitates

200 3793 239 3864 in
261 3814 447 3885 corporum
469 3789 730 3873 vexationibus,
747 3797 821 3858 tam
847 3810 911 3881 per
936 3788 1057 3882 ignem
1084 3807 1192 3878 quam
1218 3781 1306 3854 alios

200 3907 336 3990 modos,
353 3906 426 3976 indi
444 3905 582 3998 abipso
600 3907 682 4000 igne
704 3905 819 3996 iisque
842 3902 1154 3995 corporibusque
1179 3900 1226 3972 ad
1250 3919 1308 3968 sc-

201 4022 423 4117 parationem
451 4019 675 4101 adhibentur,
703 4041 782 4112 quae
809 4019 846 4090 in
875 4017 1074 4110 composito
1103 4019 1202 4110 prius
1231 4035 1304 4086 nou

201 4139 367 4222 fuerunt;
402 4136 497 4209 unde
527 4137 624 4207 miroe
655 4135 813 4207 fallacia.
880 4131 1011 4226 Neque
1040 4133 1136 4203 enim
1168 4129 1307 4202 scilicet

618 4345 645 4386 ⁴²
662 4345 706 4401 (a.
718 4361 792 4418 sup.
806 4344 845 4400 11.
858 4357 884 4416 7.
