3078 5180
298 234 340 300 16
625 233 798 298 NOVUM
822 231 1071 297 ORGANUM.

298 417 395 465 mum
422 403 622 476 ooeurruut,
647 393 805 478 fluxere;
843 405 880 466 et
911 405 994 464 sunt
1026 394 1100 464 fere
1127 393 1172 462 ad
1199 413 1404 463 mensuram

298 533 421 582 eorum
448 510 542 581 faeta
567 522 604 581 at
630 521 796 582 extensa:
832 521 873 581 ut
895 509 944 581 nil
967 511 1098 580 mirum
1120 510 1177 592 ait,
1194 508 1224 578 si
1245 509 1293 578 ad
1313 531 1406 578 nova

298 625 522 720 particularia
547 649 619 697 nou
645 626 788 698 ducant.
840 626 946 710 Quod
971 627 1001 696 ri
1029 625 1122 696 sorte
1148 626 1321 696 instantia
1340 623 1407 694 ali-

298 767 378 837 qua‚
408 767 479 812 uon
513 743 610 836 priua
639 743 883 812 animadversa
916 753 980 812 aut
1014 743 1168 836 cognita.
1197 763 1238 812 ae
1268 739 1403 826 offerat,

297 861 439 931 axioma
465 859 694 930 distinetione
718 858 837 950 aliqua
862 859 988 928 frivola
1012 858 1177 940 salvatur,
1195 857 1258 928 ubi
1285 879 1405 928 eruen-

298 978 373 1048 dari
392 976 507 1070 ipsum
527 978 643 1046 verius
661 976 763 1046 forat.

774 1091 920 1164 XXVI.

350 1201 538 1272 Rationem
561 1201 764 1282 humanam,
782 1223 853 1293 qua
870 1201 1005 1270 utimur
1021 1199 1064 1268 ad
1083 1209 1261 1280 naturam,
1280 1199 1405 1270 amiei-

293 1315 489 1412 pationer²⁴
515 1325 659 1400 nature,
687 1316 786 1409 (quia
810 1339 866 1386 rea
892 1317 1079 1387 temeraria
1106 1325 1161 1386 ert
1190 1325 1228 1384 et
1257 1338 1404 1407 praema·

299 1438 416 1525 tura);
440 1445 478 1503 at
501 1431 596 1502 illam
622 1434 795 1503 rationem
821 1456 899 1526 quae
923 1432 1053 1503 dabitis
1077 1431 1192 1502 modis
1215 1430 1359 1502 elicitur
1383 1455 1405 1502 a

300 1550 414 1630 rebus,
440 1548 753 1644 interpretationem
781 1558 927 1630 nmero,
954 1549 1104 1619 docendi
1131 1549 1257 1641 gratia,
1281 1570 1404 1619 rorare

300 1667 555 1738 eorrauavimua

766 1764 936 1836 XXVII.

348 1881 626 1976 Antieiputioner
643 1883 728 1951 satia
745 1881 855 1951 firmae
872 1892 955 1950 suut
973 1881 1017 1951 ad
1036 1903 1270 1963 consensum
1296 1905 1404 1974 quau·

299 1999 502 2091 doquidem‚
521 1997 549 2067 ai
575 1996 735 2066 homines
762 1999 870 2067 etiam
897 1997 1093 2068 insanirent
1119 1997 1164 2066 ad
1193 2019 1303 2066 unum
1332 2020 1404 2067 mo

298 2117 383 2186 dum
411 2125 449 2187 et
474 2114 712 2195 conformiter,
731 2113 781 2184 illi
808 2113 893 2184 satia
916 2113 1007 2184 bene
1032 2115 1125 2184 inter
1147 2136 1185 2183 sa
1209 2136 1404 2207 oougruare

299 2241 442 2326 possent
452 2229 491 2302 ²⁵.

754 2326 946 2399 XXVIII.

349 2448 445 2530 Quin
463 2447 569 2540 longo
588 2446 775 2518 validiores
798 2457 882 2517 suut
904 2446 950 2515 ad
973 2445 1199 2515 subeundum
1221 2469 1401 2517 assensum

300 2563 574 2658 anticipationem
602 2586 709 2655 quam
740 2563 1037 2657 interpretationes
1049 2588 1060 2641 ;
1097 2563 1181 2655 quia
1209 2585 1257 2633 ex
1287 2566 1404 2656 paucis

301 2681 469 2761 nullaene,
487 2681 600 2770 iisque
622 2681 780 2750 maxima
797 2701 875 2770 qnae
894 2677 1115 2748 familiariter
1131 2689 1337 2762 occurrunt,
1353 2681 1404 2748 in·

301 2797 486 2870 tellectum
506 2797 626 2866 statim
645 2790 933 2890 pemtringuntffi,
945 2804 982 2866 et
1000 2795 1221 2887 phantasiam
1240 2795 1402 2890 implent;

301 2916 362 2987 ubi
388 2926 522 2995 eontra,
545 2912 853 3008 interpretationes,
877 2935 923 2982 ex
950 2911 1053 2982 rebus
1078 2911 1274 2981 admodum
1302 2913 1403 2983 variis

301 3044 338 3104 et
368 3031 523 3104 multum
555 3030 768 3101 distantibus
798 3028 945 3123 sparsim
976 3027 1149 3109 colloctae,
1179 3028 1402 3102 intellectum

301 3246 462 3310 hmdmur’
486 3263 518 3300 or
536 3245 557 3299 it
574 3261 636 3314 may
653 3242 721 3297 reler
739 3252 767 3296 to
785 3241 831 3298 tha
871 3243 976 3312 against
984 3241 1030 3296 the
1041 3252 1184 3312 argument
1195 3241 1403 3299 iromunirarral

301 3331 319 3356 “
331 3323 404 3380 nuda
415 3324 535 3380 mauua”
553 3323 583 3376 oi
601 3322 623 3376 l.
637 3338 663 3385 2,
679 3321 732 3376 and
744 3327 774 3375 to
786 3319 832 3376 the
872 3319 1402 3391 conaent‚nhichwouldbeuaedrgninrt

300 3402 417 3457 wantos
434 3401 626 3456 Inatmmental
646 3399 713 3454 aido.
744 3398 832 3453 'I'heao
872 3398 1110 3470 thenenayeteru.
1137 3397 1180 3453 ct.
1194 3398 1217 3452 I.
1232 3412 1277 3470 77.
1316 3399 1402 3454 Batou

301 3482 413 3536 Axioma
426 3479 517 3534 Boron
529 3497 590 3550 says
602 3479 630 3532 in
647 3477 670 3532 1.
685 3491 709 3549 7.
725 3495 769 3532 are
781 3478 832 3533 fen
872 3476 1001 3548 probably
1019 3476 1120 3531 alludea
1137 3487 1166 3530 to
1186 3476 1302 3542 Horace,
1320 3478 1402 3533 Serra.

301 3559 328 3613 in
351 3557 464 3611 number
472 3578 481 3620 ;
507 3555 574 3610 alred
598 3565 647 3610 out
669 3554 706 3626 by
726 3554 831 3609 euellere
874 3555 912 3611 11.
925 3555 1070 3626 3.40‚&c.

302 3634 490 3698 subdivinum,
499 3632 736 3695 distinctionum
749 3633 832 3703 appli—
909 3631 935 3672 ²⁸
956 3631 998 3687 Cl.
1018 3632 1088 3688 adv.
1107 3633 1138 3686 ol
1155 3633 1298 3704 learning,
1319 3653 1347 3706 p.
1361 3649 1402 3704 5r,

301 3714 413 3768 oatioua.
439 3709 482 3765 Cl'.
497 3711 520 3764 I.
533 3711 576 3780 85.
874 3711 960 3766 where
976 3713 1105 3782 speaking
1122 3711 1153 3765 ol
1165 3729 1182 3764 a
1197 3713 1305 3782 parallel
1316 3715 1367 3768 evil
1377 3723 1403 3767 to

337 3791 364 3832 ²⁴
380 3789 498 3860 Though
513 3789 626 3860 perhaps
638 3788 672 3843 he
684 3789 773 3845 would
785 3799 833 3844 not
873 3790 935 3854 thia,
949 3791 1011 3857 (ria.
1024 3789 1083 3844 that
1093 3789 1124 3844 ol'
1133 3789 1210 3844 thora
1223 3789 1285 3845 urbo
1300 3792 1363 3846 look
1379 3801 1404 3846 at

301 3869 369 3924 hare
379 3864 487 3921 allowed
498 3865 527 3928 it,
535 3864 832 3921 thereiaacuudemna·
873 3869 909 3924 all
926 3869 1018 3940 things
1036 3869 1105 3922 iroru
1123 3867 1168 3922 tha
1185 3869 1315 3925 ouerided
1333 3873 1404 3942 point

302 3947 360 4002 tion
371 3944 402 3999 ol'
411 3944 456 3998 the
467 3943 542 3998 older
553 3944 661 3999 method
673 3945 701 3999 in
713 3944 758 3999 the
769 3963 833 4018 very
873 3947 904 4002 oi
913 3948 979 4002 rien
990 3947 1076 4002 which
1093 3965 1167 4000 roma
1182 3947 1313 4004 favourite
1327 3947 1404 4020 andr

302 4021 658 4094 name‘mnricipationoee·
687 4022 750 4078 And
763 4033 834 4078 mort
873 4027 947 4096 givet
960 4025 1056 4094 theim)
1071 4023 1160 4079 Baeon
1173 4027 1403 4095 quotuaAriatotle

301 4105 334 4161 of
346 4101 462 4157 Bacon’r
478 4100 639 4171 proleariour
657 4101 687 4156 ol
703 4102 833 4172 maudul-
874 4103 938 4158 trith
969 4101 1162 4172 approbation:
1202 4103 1293 4162 “Qui
1326 4104 1403 4174 respi-

302 4198 365 4238 near
377 4179 444 4234 liare
455 4179 483 4232 iu
496 4179 680 4250 thematiuge
692 4180 723 4235 ol
734 4180 823 4252 lrouy.
873 4181 948 4237 eiunt
968 4181 1003 4235 ad
1024 4179 1263 4251 ponendorum
1288 4199 1403 4252 pronun·

339 4259 365 4300 2⁶
379 4258 446 4312 'l'lrir
456 4257 543 4312 would
556 4275 626 4314 reem
638 4269 666 4312 to
679 4258 712 4314 be
723 4259 833 4314 lavalled
873 4259 969 4314 Μ’·
