3222 5148
575 337 664 402 LIB.
684 337 712 403 I.
730 339 868 426 94—96.
1234 341 1278 410 93

168 501 198 571 si
216 499 379 573 homines
396 525 459 597 per
479 509 581 574 tanta
602 525 776 574 annorum
800 505 914 597 spatia
932 504 1025 575 viam
1045 525 1162 574 veram
1181 505 1279 576 inve-

168 618 292 689 niendi
315 629 354 691 et
377 618 516 691 colendi
542 621 706 691 scientias
728 623 937 704 tenuissent,
955 643 1023 692 neo
1043 629 1164 693 tamen
1184 621 1280 695 ulte·

168 735 241 806 rius
258 736 424 830 progredi
441 737 661 829 potuissent3
684 737 801 808 audax
819 737 1053 830 proculdubio
1071 746 1109 808 et
1126 745 1279 810 temera-

168 852 221 920 ria
238 852 333 923 foret
356 853 486 945 opinio,
504 875 607 945 posse
631 875 704 922 rem
729 855 767 923 in
790 853 941 925 ulterius
962 853 1119 947 provehi.
1171 853 1279 938 Quod

167 968 254 1038 siin
273 969 331 1039 via
351 970 427 1062 ipsa
446 979 603 1040 erratum
626 971 810 1063 citatque
834 970 1018 1041 hominum
1043 993 1151 1063 opera
1172 971 1211 1040 in
1234 972 1279 1042 iis

168 1093 392 1177 consumpto,
417 1085 453 1156 in
480 1084 608 1176 quibus
634 1087 782 1157 minime
808 1086 1017 1180 oportebat;
1048 1087 1208 1179 sequitur
1231 1109 1278 1158 ex

170 1223 224 1283 eo,
242 1224 317 1271 non
335 1201 373 1270 in
390 1199 496 1271 rebus
513 1201 596 1293 ipsis
613 1200 860 1272 difficultatem
879 1203 971 1282 oriri,
990 1225 1072 1294 quae
1092 1199 1279 1294 potestatis

171 1327 305 1388 nostrae
332 1340 403 1387 non
431 1326 535 1400 sunt;
570 1318 631 1388 sed
659 1319 697 1388 in
723 1317 909 1390 intellectu
940 1318 1106 1402 humano,
1132 1321 1279 1411 ejusque

172 1456 239 1504 usu
257 1442 297 1504 et
317 1431 575 1527 applicatione;
602 1457 679 1526 qnae
703 1457 759 1505 res
781 1435 980 1506 remedium
1004 1445 1042 1506 et
1065 1435 1279 1506 medicinam

171 1550 333 1642 suscipit.
376 1548 505 1641 Itaque
523 1550 698 1642 optimum
717 1549 825 1620 fuerit
841 1549 922 1622 illos
939 1551 1032 1643 ipsos
1050 1572 1183 1621 errores
1200 1571 1280 1643 pro-

170 1687 325 1758 ponere:
363 1675 451 1757 quot
481 1665 577 1736 enim
609 1665 741 1737 firerint
771 1689 928 1738 errorum
958 1667 1215 1758 impedimenta
1242 1667 1280 1736 in

173 1783 365 1874 praeterito,
391 1788 448 1850 tot
475 1792 559 1852 sunt
589 1783 664 1874 spei
694 1792 904 1876 argumenta
933 1784 971 1852 in
1002 1783 1173 1853 futurum.
1226 1781 1281 1853 Ea

172 1921 259 1968 vero
285 1897 373 1968 licet
397 1899 434 1967 in
459 1897 524 1978 his,
542 1921 619 1991 quoe
642 1901 802 1993 superius
824 1899 922 1969 dicta
946 1907 1038 1982 sunt,
1055 1921 1128 1969 non
1146 1898 1282 1968 intacta

173 2016 321 2087 omnino
344 2015 497 2101 fuerint3
524 2025 644 2086 tamen
668 2037 710 2086 ea
733 2016 841 2086 ctiam
865 2038 959 2086 nunc
980 2015 1146 2098 breviter,
1165 2013 1281 2086 verbis

173 2131 280 2202 nudis
296 2153 339 2202 ac
356 2130 583 2225 simplicibus,
601 2142 851 2224 repraesentare
870 2133 984 2202 visum
1002 2141 1067 2202 est.

668 2328 737 2400 XC
780 2384 788 2400 .

227 2433 300 2518 Qui
320 2444 562 2505 tractaverunt
579 2327 830 2518 scientiasyaut
848 2430 1048 2527 empirici¹³,
1062 2441 1125 2506 aut
1139 2433 1284 2528 dogma·

175 2550 238 2622 tici
247 2547 272 2594 ¹⁴
290 2553 447 2622 fuerunt.
493 2549 673 2644 Empirici,
692 2551 846 2622 formicae
863 2574 973 2634 more,
991 2561 1187 2646 congerunt
1204 2559 1284 2624 tan-

176 2677 267 2750 tum,
291 2677 330 2738 et
353 2677 522 2738 utuntur:
550 2666 748 2747 rationales,
768 2690 975 2738 aranearum
999 2690 1107 2750 more,
1125 2666 1214 2740 telas
1237 2689 1283 2740 ex

175 2806 215 2856 se
233 2785 446 2856 conficiunt:
473 2784 548 2877 apis
564 2805 647 2854 vero
665 2785 755 2854 ratio
776 2783 894 2855 media
916 2793 981 2867 est,
1001 2806 1079 2876 quae
1096 2784 1283 2855 materiam

176 2925 224 2972 ex
242 2899 387 2973 floribus
403 2901 497 2972 horti
515 2908 552 2971 et
570 2901 643 2995 agri
662 2899 781 2983 elicit;
808 2901 871 2971 sed
894 2910 1016 2972 tamen
1041 2923 1120 2972 ecm
1144 2901 1285 2994 propria

177 3017 351 3090 facultate
380 3018 489 3091 vertit
518 3025 556 3089 et
584 3017 724 3112 digerit.
783 3017 914 3110 Neque
942 3015 1104 3088 absimile
1131 3015 1285 3110 pbiloso-

177 3135 270 3228 pbiae
297 3158 421 3206 verum
452 3135 631 3227 opificium
661 3143 738 3218 est;
775 3135 869 3226 quod
898 3155 963 3204 nec
991 3133 1123 3203 mentis
1151 3132 1285 3202 viribus

178 3261 321 3321 tantum
348 3261 411 3322 aut
437 3252 612 3343 praecipue
638 3250 777 3332 nititur,
800 3272 916 3341 neque
942 3271 987 3319 ex
1011 3249 1159 3319 historia
1182 3257 1285 3320 natu·

178 3365 245 3437 rali
263 3376 301 3439 et
317 3365 534 3437 mechanicis
555 3365 810 3458 experimentis
830 3364 1013 3459 praebitam
1036 3366 1223 3436 materiam
1245 3365 1284 3436 in

177 3485 352 3554 memoria
377 3483 564 3576 integram,
583 3482 644 3552 sed
667 3482 704 3552 in
728 3479 914 3552 intellectu
941 3489 1118 3552 mutatam
1141 3490 1179 3551 et
1203 3481 1286 3553 sub·

178 3607 305 3684 actam,
333 3599 484 3692 reponit.
543 3597 672 3692 Itaque
697 3619 743 3668 ex
770 3597 895 3670 harum
924 3595 1135 3668 facultatum
1161 3595 1286 3692 (expe-

177 3713 377 3788 rimentalis
405 3713 550 3798 scilicet,
577 3725 615 3786 et
644 3713 841 3808 rationalis)
867 3715 1017 3786 arctiore
1044 3725 1082 3786 et
1109 3716 1285 3787 sanctiore

178 3832 314 3903 foedero
332 3829 444 3926 (quod
467 3832 584 3903 adhuc
609 3831 745 3902 lactum
769 3854 841 3901 non
865 3832 935 3926 est)
956 3832 1048 3903 berre
1071 3832 1284 3925 sperandum

178 3958 244 4022 cst.

662 4047 802 4120 XCVI.

231 4162 419 4236 Naturalis
443 4164 665 4259 philosophia
692 4163 808 4238 adbuc
833 4165 969 4238 sincera
996 4189 1066 4237 non
1092 4165 1283 4247 invenitur,

289 4372 314 4412 ¹³
333 4370 376 4428 cf.
389 4389 463 4444 supr.
478 4373 499 4430 l.
513 4373 556 4440 64.
735 4373 758 4414 ¹⁴
777 4373 819 4428 Cf.
831 4373 937 4428 Prclsrc
950 4372 1002 4427 and
1016 4387 1089 4439 supr.
1101 4369 1122 4424 1.
1134 4371 1177 4423 6·.
