3156 5176
632 323 859 410 n1e.11.4s.
1219 328 1285 398 see

184 483 292 570 Quod
321 487 350 560 si
377 485 428 578 (id
454 488 549 581 quod
574 510 670 562 nuno
694 491 825 584 agdtur)
852 489 916 563 dut
943 489 1093 585 agitatio
1118 491 1284 584 frequens

182 623 248 696 per
270 613 411 676 motum
434 611 644 676 externum:
673 614 753 678 tum
776 629 861 680 vero
883 614 1003 678 motus
1026 607 1096 678 iste
1120 607 1283 680 eoitionis

183 719 261 813 (qui
281 723 338 793 ast
353 719 527 794 delioatns
548 730 587 792 et
602 721 731 805 mollia,
748 729 787 794 et
803 723 942 819 indiget
958 723 1081 815 quiete
1103 723 1149 796 ab
1165 731 1285 796 exter·

181 834 252 926 nis)
271 835 489 910 disturbatur
508 844 548 908 et
564 846 700 922 oenat3
726 848 769 909 ut
784 839 862 910 fieri
879 839 1041 910 ridemus
1063 839 1100 910 in
1118 840 1284 912 innume·

91 957 98 968 '
182 951 252 1024 tiss
291 949 413 1036 veluti,
441 975 525 1025 unm
553 953 761 1046 quotidiana
792 955 942 1048 agritatio
974 962 1040 1026 aut
1071 953 1285 1048 profluentia

181 1085 282 1159 aqnn
310 1076 430 1140 noent
454 1068 777 1162 putrefactionem
815 1068 914 1142 venti
943 1077 1087 1140 meant
1115 1068 1284 1162 pestilen-

181 1181 272 1254 tiam
286 1183 398 1268 a'e'ris3
422 1204 533 1279 grana
553 1187 591 1257 in
607 1185 777 1280 grmuriia
794 1207 896 1258 versu
911 1194 950 1257 et
965 1185 1101 1279 agitata
1116 1193 1284 1258 maneant

181 1317 293 1391 pum
319 1297 439 1372 omnia
455 1301 610 1395 denique
626 1301 761 1397 agitata
776 1302 936 1374 exterius
951 1324 1024 1373 non
1042 1300 1146 1374 faoile
1163 1311 1284 1395 putre-

181 1413 271 1487 tant
286 1416 446 1488 interius.

233 1525 405 1625 Superest
421 1539 464 1604 ut
484 1553 557 1604 non
574 1533 764 1606 omittatur
783 1534 892 1606 ooitio
912 1531 974 1604 illa
989 1534 1143 1627 partium
1160 1555 1284 1627 eorpo-

181 1665 272 1729 rnm‚
289 1646 386 1720 unde
407 1648 450 1720 dt
472 1650 647 1743 prreeipue
670 1649 849 1722 induratio
871 1655 911 1720 ot
929 1649 1129 1722 desiccatio.
1180 1647 1285 1722 Post·

183 1785 291 1856 quarn
314 1763 411 1835 enim
427 1764 579 1858 spiritus,
597 1771 662 1836 aut
683 1764 871 1837 humidum
894 1765 932 1835 in
949 1764 1112 1858 spiritum
1130 1787 1282 1848 versum,

182 1873 376 1951 avolaverit
404 1879 442 1950 iu
470 1879 590 1973 aliquo
618 1901 766 1974 torpore
799 1882 986 1974 perosius,
1018 1880 1076 1971 (nt
1108 1881 1146 1951 in
1174 1879 1283 1976 ligno,

180 2011 269 2076 osse.
294 1993 510 2079 membrano,
535 2003 575 2067 et
599 1993 816 2090 hujusmodi)
847 2003 926 2067 tum
951 2003 1071 2088 partes
1099 1997 1283 2068 crassiores

180 2110 315 2203 rnsjore
337 2110 425 2182 nixu
439 2110 701 2183 eontrahuntur
716 2118 755 2184 et
771 2118 913 2194 wenni,
929 2111 1026 2182 unde
1047 2111 1209 2202 seqnitur
1230 2111 1285 2182 in-

180 2225 322 2298 duratio
355 2235 419 2298 ant
448 2227 660 2300 desioostio:
695 2227 792 2320 quod
818 2227 1064 2300 existimamus
1093 2225 1181 2309 fieri,
1210 2249 1282 2299 non

181 2350 259 2412 tam
287 2341 335 2413 ob
362 2350 504 2414 motum
532 2361 653 2426 maus,
683 2363 730 2413 ne
760 2342 866 2414 detur
895 2362 1057 2424 muum,
1083 2363 1190 2435 quam
1219 2365 1284 2436 per

181 2465 322 2529 rnoturn
338 2457 447 2529 istum
462 2459 628 2530 amititia
644 2467 684 2530 et
699 2459 853 2530 unionis.

231 2572 293 2646 Ad
309 2575 502 2648 coitionem
519 2595 603 2646 vero
624 2576 671 2646 sd
687 2575 824 2648 distans
843 2574 939 2668 qnod
956 2574 1098 2658 tttinet,
1115 2595 1159 2646 es
1174 2573 1284 2646 inire·

181 2709 294 2784 quens
319 2698 375 2762 est
397 2699 439 2762 et
462 2711 560 2762 rarae
591 2699 630 2762 et
653 2699 776 2764 tauron
800 2692 838 2762 in
863 2689 1023 2784 pluribus
1046 2689 1150 2774 inest,
1172 2713 1282 2782 qnam

178 2805 309 2899 quibus
336 2805 553 2878 observetur.
605 2804 724 2899 Hujus
748 2805 937 2878 simonos
961 2815 1054 2888 nunt,
1078 2828 1160 2878 oum
1184 2805 1284 2877 bulla

178 2921 288 2994 solvit
303 2920 459 3008 boilum
487 2922 749 2995 meditamenta
765 2943 811 2994 ex
829 2922 1063 2993 similitudine
1078 2922 1283 2994 snbstantias

181 3035 329 3113 trabum
351 3037 541 3120 honoram
566 3037 699 3110 ehordu
721 3039 760 3108 in
780 3035 925 3110 dirersis
944 3036 1074 3108 fidibus
1094 3037 1142 3108 ad
1164 3038 1285 3108 uniso-

181 3171 269 3224 num
285 3161 430 3225 moreat
445 3153 639 3237 ohordnmt
666 3161 704 3224 et
724 3153 936 3247 hujusmodi.
988 3151 1112 3223 Etiam
1128 3153 1168 3222 in
1184 3153 1285 3244 spiri-

181 3268 277 3341 tibus
297 3269 505 3340 animalium
526 3268 622 3341 huno
641 3277 784 3341 motum
804 3269 924 3364 rigere
946 3267 1203 3352 existimomus,
1219 3267 1284 3338 sed

180 3383 286 3478 piane
313 3383 548 3478 incognitum.
601 3381 658 3455 At
683 3384 822 3456 eminet
849 3391 949 3456 oerte
976 3383 1015 3453 in
1039 3389 1219 3476 magneta
1245 3388 1285 3452 et

181 3501 275 3572 ferro
296 3499 429 3572 exoito.
478 3497 573 3572 Oura
588 3508 711 3574 auteur
728 3501 774 3574 de
793 3499 952 3574 motibus
970 3497 1149 3594 magnetis
1171 3495 1285 3591 loqui-

180 3637 273 3700 mur,
289 3615 531 3710 distinguendi
554 3615 661 3710 pinne
682 3625 777 3690 sunt.
827 3615 993 3701 Quatnor
1014 3615 1112 3686 mim
1131 3615 1285 3686 virtutes

176 3732 256 3804 sire
276 3732 503 3824 operationes
525 3739 611 3802 sunt
635 3731 674 3803 in
699 3741 877 3828 magnate,
894 3753 974 3825 qna
997 3751 1073 3802 nun
1099 3729 1282 3814 oonfirndi

180 3849 243 3921 sed
268 3848 420 3942 separari
443 3846 598 3933 debent;
625 3847 712 3920 lioet
731 3848 919 3921 admiratio
943 3847 1129 3918 hominnm
1146 3853 1185 3918 et
1209 3854 1285 3918 stu·

177 3981 246 4060 por
278 3985 338 4035 eos
371 3963 645 4035 commiscuerit.
697 3963 792 4050 Una,
824 3964 992 4037 coitionis
1023 3961 1201 4058 magnetis
1237 3960 1283 4032 ad

177 4078 471 4176 magnetem‚vel
496 4080 579 4152 ferri
603 4081 650 4152 nd
676 4077 968 4177 magnetewal
992 4078 1076 4152 ierri
1100 4077 1212 4150 exciti
1237 4077 1283 4149 ad

180 4195 324 4268 ferrum.
377 4193 554 4282 Secunda,
570 4198 782 4270 vertieitutis
804 4198 882 4290 ejus
902 4196 946 4267 ad
964 4193 1223 4289 septentriones
1244 4201 1285 4262 et

178 4320 350 4397 austrum,
366 4319 476 4405 utque
492 4309 597 4384 simul
620 4313 868 4386 declinationis
887 4311 975 4403 ejus.
1025 4307 1158 4392 Tertia,
1175 4329 1284 4400 pena-
