3078 5180
288 283 333 345 tt
615 278 788 344 NOVUM
812 278 1063 346 ORGANUM.

285 446 395 539 ipsius
421 443 559 516 vitiosae
584 451 688 526 sunt;
715 464 838 514 sensus
860 444 957 514 onim
983 451 1023 516 et
1048 441 1217 516 destituit
1238 449 1278 513 et
1294 440 1400 516 fallit.

285 559 342 632 At
367 556 657 631 destitutionibus
686 559 969 642 substitutiones,
998 559 1147 632 fallaciis
1173 559 1402 636 rectificatio·

287 699 352 748 nes
386 677 572 748 debentur.
625 673 803 759 Secundo,
832 678 995 750 notiones
1030 676 1076 748 ab
1108 677 1401 770 impressionibus

288 815 455 865 sensuum
485 791 581 864 male
610 791 886 875 abstrahentem
912 801 951 864 et
980 794 1221 865 interminata
1250 803 1291 866 st
1317 817 1403 866 con·

288 909 375 981 iusae
390 917 483 992 sunt,
502 930 591 1001 quas
607 909 817 980 terminatas
833 915 873 980 et
889 907 982 981 benc
1000 909 1118 981 finitas
1135 931 1212 982 eme
1229 913 1400 1004 oportuit

289 1024 424 1110 Tertio,
455 1026 615 1097 inductio
649 1024 745 1096 mala
780 1033 845 1108 cst,
880 1049 958 1120 quae
994 1049 1059 1120 per
1092 1029 1401 1101 enumerationem

289 1142 484 1238 simplicem
514 1141 686 1236 principia
717 1141 899 1214 concludlt
927 1143 1166 1227 scientiarum,
1197 1165 1270 1215 non
1300 1144 1402 1218 adbi-

289 1261 373 1332 bitis
398 1259 662 1332 exclusionibus
688 1269 727 1332 et
751 1259 998 1342 solutionibus,
1016 1261 1092 1334 sive
1116 1262 1401 1354 separationibus

289 1386 425 1450 naturas
454 1375 594 1446 dabitis.
646 1373 842 1457 Postremo,
873 1377 1001 1448 modus
1028 1375 1093 1450 illo
1125 1379 1332 1450 inveniendi
1362 1389 1401 1451 et

291 1493 475 1588 probandi,
492 1500 534 1562 ut
556 1492 672 1584 primo
695 1493 866 1587 principia
889 1495 1045 1564 maxime
1067 1494 1249 1588 generalia
1266 1495 1400 1568 consti-

291 1619 447 1693 tuantur,
473 1609 603 1680 deindo
628 1609 746 1682 modia
771 1610 951 1682 axiomata
975 1610 1020 1681 ad
1044 1629 1088 1682 ea
1112 1609 1339 1705 applicentur
1363 1621 1401 1684 ot

291 1727 494 1820 probentur,
512 1749 670 1798 errorum
695 1734 812 1800 mater
835 1736 900 1811 cst,
918 1737 955 1798 ct
981 1728 1211 1800 scientiarum
1237 1731 1400 1802 omnium

291 1843 483 1914 calamitas.
536 1841 675 1914 Verum
693 1844 740 1916 dc
757 1844 843 1927 istis,
862 1867 940 1938 qua
956 1845 1032 1938 jam
1057 1847 1175 1917 obiter
1191 1849 1399 1943 perstringi·

292 1981 381 2040 mna
399 1955 544 2030 fusius³⁰
561 1959 728 2044 dicemus,
753 1983 864 2054 quum
888 1983 1007 2036 voram
1032 1963 1314 2057 interpretandae
1341 1988 1400 2036 na·

292 2083 381 2148 tura
399 2077 502 2161 dam,
522 2075 693 2150 absolutis
718 2077 795 2149 istis
820 2078 1081 2172 expiationibus
1107 2088 1146 2152 et
1171 2082 1401 2178 expurgatio-

292 2193 397 2266 nibus
413 2195 556 2280 mentis,
575 2216 823 2290 proponemus.

344 2473 417 2545 Sed
448 2473 704 2544 demonstratio
733 2371 1005 2568 lonlsslodptima
1033 2481 1088 2544 est
1123 2471 1401 2568 experientia³¹;

175 2658 184 2672 ,
293 2589 402 2660 modo
418 2587 549 2660 horreat
566 2589 603 2660 in
620 2590 696 2682 ipso
713 2590 968 2683 experimento·
1021 2589 1117 2661 Nam
1141 2591 1170 2661 si
1195 2591 1404 2662 traducatur

293 2703 434 2788 adalia,
451 2727 530 2798 qnae
546 2703 674 2776 similia
691 2705 951 2790 existimantur,
967 2707 1034 2778 uisi
1054 2706 1124 2777 rite
1141 2716 1180 2778 et
1196 2707 1322 2780 ordine
1340 2707 1402 2780 liat

294 2821 356 2893 illa
385 2821 571 2902 traductio,
599 2843 655 2893 res
685 2819 794 2892 fallax
823 2829 890 2894 cst.
942 2821 996 2892 As
1025 2822 1151 2893 modus
1179 2823 1401 2916 experiendi,

296 2961 366 3032 quo
400 2937 562 3010 homines
596 2959 692 3008 nunc
723 2946 886 3022 utuntur,
913 2959 1032 3009 caccus
1066 2943 1121 3008 est
1155 2945 1194 3007 et
1226 2939 1403 3032 stupidus

296 3055 426 3148 Itaque
446 3076 530 3126 cum
553 3063 672 3126 emant
694 3063 733 3125 et
748 3063 921 3149 vagantur
945 3053 1046 3124 nulla
1064 3053 1120 3124 ria
1145 3061 1252 3136 certa
1270 3055 1336 3126 ssd
1356 3078 1403 3127 ex

296 3195 444 3244 occursu
466 3192 587 3242 rerum
604 3179 747 3242 tantum
763 3169 950 3242 consilium
974 3171 1129 3265 capiunt,
1148 3171 1406 3242 circumferun-
1530 3195 1531 3270 ζ

297 3298 357 3359 tur
385 3290 430 3360 ad
458 3287 584 3372 multa,
615 3287 677 3358 sed
706 3309 830 3380 parum
865 3293 1093 3378 promovent3
1119 3295 1159 3357 et
1187 3288 1405 3382 quandoque

296 3405 467 3500 gestiunt,
484 3404 696 3497 quandoque
713 3402 978 3489 distrahentem
1004 3413 1042 3478 ct
1059 3425 1199 3498 semper
1214 3405 1405 3477 inveniunt

299 3520 395 3613 qnod
412 3519 562 3592 ulterius
579 3527 748 3610 querant.
801 3519 891 3592 Fero
908 3531 1030 3591 autem
1048 3522 1100 3591 ita
1116 3519 1170 3604 fit,
1183 3528 1226 3591 ut
1241 3519 1406 3596 hominos

300 3635 427 3707 leviter
454 3643 494 3706 et
523 3643 692 3728 tauquam
722 3659 787 3730 per
815 3634 940 3708 ludum
968 3637 1209 3732 experiantur,
1236 3638 1406 3712 variando

335 3843 362 3885 ³⁰
379 3842 748 3913 “ludin’'inl.roo-ros.
906 3847 1241 3921 riationoicxpmimsnts.

336 3921 832 3997 ⁸¹'l'belsultsofflxpmlmosusuallp
942 3943 970 3999 3.
989 3927 1098 3985 Purnit
1115 3929 1147 3984 ol
1159 3946 1212 3984 oms
1228 3930 1405 4002 mutent,

301 4019 382 4058 are-
907 4007 1406 4080 orsubjecttotbenagloetdall

375 4077 831 4138 awantolamotbodoisalsc·
907 4083 1007 4141 othon.

338 4157 831 4232 tion(toboremsdiedbyl²rsrogr·
942 4165 1137 4238 pungam
1168 4175 1197 4222 so
1226 4176 1272 4240 gut
1301 4179 1331 4224 a
1360 4169 1405 4226 u„
1529 4181 1530 4214 l

338 4235 427 4306 tissa).
907 4245 1213 4318 praobcdapplicatiou.

375 4333 401 4371 r.
420 4313 518 4386 ldimsy
536 4315 589 4370 and
607 4315 768 4373 insufficiens
785 4335 831 4374 va·
