3078 5180
304 342 350 412 tc
632 337 806 405 novun
829 337 1077 431 conluunt.

305 515 411 581 nacta
435 507 503 592 sit;
533 507 598 576 uisi
626 503 719 576 forte
741 505 821 598 quis
846 504 1011 576 monachi
1035 503 1186 597 alicujus
1208 505 1247 574 in
1269 503 1415 591 cellula,

306 633 370 696 aut
393 621 524 694 nobilis
548 623 585 692 in
613 619 735 692 villula
765 619 994 706 lucubrantis,
1020 621 1227 714 exemplum
1255 621 1415 692 adduxe-

307 735 411 811 ritffi:
438 739 500 810 sed
519 738 613 809 faeta
630 745 686 808 est
702 737 850 807 demum
866 736 1038 808 naturalis
1058 736 1284 831 philosophia
1304 740 1418 809 inem

308 857 479 927 transitus
495 853 679 945 cujusdam
696 861 735 924 et
752 852 976 944 pontisternii
994 853 1040 924 nd
1057 853 1137 924 alia.

359 975 482 1066 Atque
508 991 638 1065 magna
663 971 730 1040 iata
755 970 984 1040 scientiarum
1010 979 1126 1041 mater
1147 973 1239 1041 mira
1259 971 1417 1067 indigni-

310 1097 385 1160 tate
408 1090 453 1159 ad
477 1086 592 1158 officia
616 1085 754 1157 ancillas
779 1085 924 1156 detrusa
947 1095 1024 1172 sst;
1049 1103 1128 1178 quar
1148 1088 1338 1190 medicina
1354 1098 1418 1159 aut

309 1204 580 1276 mathematicas
608 1201 774 1294 operibus
800 1202 988 1284 ministret,
1014 1211 1053 1273 et
1080 1221 1199 1274 rursus
1223 1225 1310 1296 quaa
1335 1202 1419 1276 ado·

310 1321 521 1393 lescentium
556 1320 747 1390 immatura
781 1320 925 1413 ingenia
954 1319 1051 1390 lavet
1080 1329 1118 1390 st
1148 1319 1289 1392 imbuat
1320 1322 1420 1393 velut

312 1439 467 1509 tinctura
481 1437 632 1529 quadam
647 1435 770 1528 prima,
784 1443 827 1505 ut
843 1433 949 1506 aliam
967 1445 1092 1529 postea
1108 1436 1251 1509 felicius
1266 1449 1306 1510 et
1324 1455 1421 1510 curn·

312 1551 453 1623 modius
482 1550 674 1642 excipiant.
732 1545 881 1620 Interim
911 1568 1018 1620 nomo
1048 1561 1216 1643 exponet
1246 1567 1419 1646 magnum

314 1687 537 1763 progressum
555 1667 591 1734 in
608 1666 774 1748 scientiis,
794 1665 1003 1759 (pracsertim
1020 1667 1059 1736 in
1076 1677 1177 1760 parte
1194 1684 1321 1740 aarum
1339 1689 1422 1761 ope-

313 1786 439 1877 rativa)
465 1782 532 1854 nisi
558 1781 781 1876 philosophia
805 1780 974 1853 naturalis
1000 1781 1046 1854 ad
1074 1784 1240 1856 mendas
1267 1786 1423 1878 puticu-

314 1901 405 1973 lares
422 1899 593 1993 producta
610 1898 727 1978 iuerlt
746 1906 784 1969 st
807 1899 964 1969 scicntia
985 1899 1218 1993 particulares
1237 1917 1362 1973 rursus
1377 1901 1420 1973 ad

315 2017 514 2090 naturalem
544 2013 802 2108 philosophiam
832 2015 1000 2086 reductas.
1053 2014 1151 2088 Hinc
1177 2019 1275 2088 enim
1303 2020 1356 2102 lit,
1380 2027 1422 2089 ut

315 2135 539 2214 astronomia,
565 2132 694 2225 optica,
719 2131 863 2216 musica,
890 2127 1050 2225 plurimae
1075 2141 1170 2205 artes
1195 2135 1423 2218 mechanica,

316 2261 424 2345 atque
450 2252 526 2344 ipsa
551 2246 735 2331 medicina,
753 2255 862 2341 atquc
881 2249 991 2341 (qood
1014 2251 1094 2342 quis
1118 2251 1232 2346 magis
1257 2253 1423 2344 miretur)

316 2363 538 2459 philosophia
567 2361 710 2432 moralis
740 2369 779 2432 et
808 2360 933 2444 uirilis,
958 2369 996 2432 et
1024 2362 1181 2434 scientiae
1210 2363 1347 2459 logica,
1374 2364 1422 2436 nil
1530 2375 1531 2378 ’

318 2485 393 2553 sere
419 2478 574 2550 habeant
599 2477 798 2548 altitudinis
823 2479 860 2547 in
887 2477 1084 2570 profundo;
1120 2479 1181 2551 sed
1209 2501 1276 2574 per
1302 2499 1425 2576 supar-
1530 2479 1531 2529 ἲ

318 2599 435 2669 liciam
468 2607 506 2665 et
536 2595 745 2664 varietatem
779 2611 898 2664 rernm
933 2605 1076 2666 tautum
1111 2594 1303 2670 labantur:
1343 2601 1424 2692 qula

318 2721 506 2807 postquam
531 2707 760 2804 particulares
786 2710 862 2780 istae
883 2711 1039 2782 acieutiae
1063 2712 1258 2806 dispertitae
1280 2725 1321 2786 et
1343 2738 1424 2787 eon·

319 2829 454 2900 stitutae
489 2826 634 2910 luerint,
668 2848 690 2895 a
723 2823 945 2921 philosophia
977 2827 1129 2899 naturali
1163 2851 1235 2899 uon
1270 2831 1426 2925 amplius

320 2946 484 3030 aluntnr;
520 2966 598 3036 quae
624 2965 671 3012 ex
696 2939 854 3014 lontibus
883 2953 920 3013 et
947 2945 1038 3014 reris
1064 2943 1426 3038 contemplationibus

321 3070 496 3145 motuum,
520 3059 708 3140 radiorum,
733 3081 911 3143 sonorum,
935 3070 1097 3144 texturae,
1121 3068 1160 3132 et
1182 3061 1425 3134 schematismi

321 3201 517 3272 corporum,
535 3173 740 3260 affectuum,
758 3183 796 3246 et
818 3173 1091 3266 prehensionum
1116 3175 1428 3264 intellectualium,

321 3319 429 3368 noras
448 3297 539 3367 vires
556 3301 594 3366 et
610 3301 804 3388 augmenta
820 3291 890 3364 illis
907 3291 1080 3384 impertiri
1099 3297 1256 3387 potuerit
1265 3292 1295 3341 ⁶⁷
1298 3349 1308 3367 .
1357 3297 1429 3370 Ita·

357 3505 613 3563 ⁶⁶'l'hisllonkin
630 3504 853 3562 hiscclldouht·
894 3504 1015 3577 showing
1043 3505 1102 3560 tha
1132 3505 1169 3562 hc
1196 3509 1355 3567 eonsldcred
1386 3513 1430 3568 aba

321 3589 375 3643 lese
394 3587 474 3641 resera
495 3593 524 3639 to
545 3584 633 3657 linger
653 3583 744 3639 Bacca
764 3586 794 3640 iu
811 3585 854 3642 hia
895 3585 1431 3658 eamcsoinroralgcodaudcriltohe

324 3663 405 3736 ttudy
431 3671 458 3718 st
486 3661 611 3727 Oxiord3
647 3679 690 3717 ses
718 3662 855 3734 Palgrara,
895 3663 1022 3718 material.
1060 3664 1116 3718 But
1133 3663 1207 3720 thera
1225 3667 1248 3722 ia
1267 3683 1305 3723 no
1323 3667 1430 3741 ground
1485 3727 1493 3746 ‚

325 3738 467 3797 Marchant
478 3739 532 3794 aad
542 3739 632 3794 Friar:
647 3739 701 3795 and
712 3741 757 3796 thc
767 3741 856 3798 Noble
896 3741 1146 3798 whatercriorthis.
1167 3743 1431 3804 Onralleetionsdrc.

324 3817 661 3889 inhisVrllsiaprobably
674 3819 822 3875 Dsscam.
896 3821 1220 3877 mustactinauratsrirl
1231 3823 1314 3897 body,
1327 3827 1431 3892 andan,

360 3897 386 3939 ⁸⁷
408 3897 460 3951 For
482 3895 537 3950 this
561 3895 729 3966 dependente
753 3899 784 3952 oi
807 3915 857 3954 orer
897 3905 926 3954 to
946 3913 963 3954 a
983 3899 1081 3953 cerain
1102 3909 1203 3965 extent,
1222 3899 1292 3958 hare
1313 3906 1431 3980 physinl

325 3973 482 4045 knowledge
500 3974 643 4029 lullonis
661 3975 713 4029 and
727 3975 810 4047 logie
828 3995 857 4032 aa
897 3976 1080 4048 phanomcnat
1102 3977 1164 4042 and,
1183 3979 1324 4048 therefore,
1344 4003 1377 4040 ao
1394 3986 1433 4040 iar

326 4055 385 4111 well
400 4071 429 4108 as
442 4052 605 4116 Machanica
618 4069 648 4107 or
661 4053 857 4120 Mathematiea,
898 4073 943 4109 ara
954 4053 1041 4110 under
1054 4055 1100 4111 the
1113 4055 1182 4112 hcad
1198 4057 1229 4114 ol
1241 4057 1358 4118 Natural
1371 4063 1433 4119 Phi·

327 4153 363 4191 cn
381 4132 495 4188 Natural
510 4129 682 4202 Philosophy,
698 4147 742 4186 aas
757 4133 819 4188 intr.
835 4133 858 4189 l.
897 4133 1029 4206 losophyr
1055 4133 1106 4191 but
1129 4133 1202 4191 then
1223 4136 1248 4192 ia
1268 4141 1387 4214 nothing
1406 4149 1434 4196 tc

331 4225 390 4285 ¹²7·
425 4209 632 4264 'lhisisoneui
642 4209 859 4281 theAphorisms
899 4212 972 4267 meu
987 4211 1045 4267 that
1059 4213 1149 4270 Bacou
1167 4225 1257 4272 meant
1274 4227 1352 4276 ulore
1369 4221 1432 4276 thsn

328 4290 416 4348 which
434 4305 505 4344 asem
523 4295 551 4342 to
569 4287 663 4342 favour
680 4287 725 4342 the
741 4287 860 4344 ἀοατὶιιο
899 4291 962 4346 thia.
987 4291 1045 4348 The
1058 4293 1210 4349 materialiat
1222 4300 1433 4368 syatcmoilln·

328 4371 387 4427 that
399 4369 491 4424 Bwoa
505 4383 559 4420 was
576 4383 592 4420 a
610 4373 628 4397 “
641 4366 812 4432 Positivist;”
830 4387 859 4423 as
900 4371 952 4426 raia
971 4369 1024 4426 and
1042 4369 1131 4430 habits
1146 4373 1239 4430 iswah
1255 4377 1381 4436 attached
1399 4379 1433 4450 by
