3156 5176
336 345 404 412 828
665 347 837 414 NOVUM
856 346 1108 414 oseaNUM.

336 519 443 583 stant.
495 509 662 606 Denique
678 513 715 585 in
736 513 821 606 ipsis
842 511 1050 584 matricibus
1068 519 1183 596 terre,
1201 513 1249 584 iis
1265 511 1447 593 nimirum,
1550 563 1551 620 p

336 629 375 700 in
391 627 522 721 quibus
537 629 686 702 metalla
709 638 748 700 et
770 629 903 702 fossilis
927 627 1170 713 efformantnr,
1188 628 1312 700 loemn
1337 627 1448 700 habet

336 750 376 818 et
393 745 492 838 viget
508 745 577 817 ista
598 745 829 839 inequalitas.
880 744 963 830 Quo
988 747 1102 840 map's
1126 745 1288 816 notanda
1312 753 1370 814 est
1394 744 1447 812 in-

337 861 440 932 soitia
460 859 660 954 aliquorum
683 860 971 935 alohemistamm
995 883 1045 933 ex
1066 861 1280 944 reformatis,
1299 859 1363 953 qni
1383 881 1447 953 per

337 977 470 1048 naiores
499 977 689 1071 aeqnabiles
717 977 933 1072 lampadum,
961 987 1002 1050 et
1026 977 1243 1071 hujusmodi,
1269 985 1446 1070 perpetuo

337 1115 410 1166 uno
426 1101 552 1165 tenore
567 1093 781 1178 ardentium,
798 1117 837 1166 se
853 1095 929 1167 voti
954 1102 1138 1187 compotes
1160 1093 1238 1164 fore
1262 1093 1447 1164 existime-

338 1215 433 1278 rnnt.
482 1205 609 1302 Atque
624 1209 671 1281 de
687 1210 836 1303 opilioiis
853 1219 892 1282 et
907 1209 1095 1281 effectibus
1110 1207 1238 1280 ealoris
1254 1207 1333 1279 laaeo
1350 1207 1447 1278 diets

338 1324 420 1396 sint.
471 1321 605 1418 Neque
628 1348 712 1398 vero
734 1326 988 1419 tempestivum
1014 1333 1071 1397 est
1094 1323 1157 1395 illa
1180 1325 1327 1418 penitus
1351 1345 1447 1395 seru-

338 1439 416 1524 tari,
434 1447 626 1534 antequam
649 1462 768 1512 rerum
785 1440 908 1512 formae
931 1449 970 1512 et
993 1463 1181 1534 oorpornm
1202 1439 1444 1511 schematismi

338 1553 487 1626 ulterius
503 1555 708 1651 investigati
722 1557 865 1639 fuen'nt,
878 1557 967 1629 etin
981 1555 1099 1628 luoem
1115 1555 1328 1649 prodierint.
1353 1555 1445 1625 'inm

338 1669 435 1741 enim
452 1672 642 1762 querendo
657 1681 696 1745 et
718 1673 944 1766 adoperanda
967 1681 1006 1744 et
1028 1672 1184 1765 aptanda
1206 1679 1294 1742 sunt
1316 1672 1446 1744 iustru-

338 1795 473 1873 mente,
489 1789 633 1882 quando
648 1791 695 1864 de
711 1790 975 1884 exemplaribus
992 1791 1204 1862 eonstiterit.

390 1903 456 1996 (4.)
482 1903 639 1990 Quartus
668 1907 796 1980 modus
825 1908 994 2000 operandi
1025 1911 1081 1978 eet
1109 1929 1173 2000 per
1201 1927 1353 1989 moram,
1370 1927 1445 1999 qua

339 2029 437 2093 certe
459 2027 499 2092 et
520 2043 665 2114 promus
682 2031 722 2094 et
742 2023 879 2095 oondns
902 2029 1039 2094 nature
1055 2033 1121 2104 est,
1138 2030 1178 2093 et
1194 2021 1362 2114 quedam
1377 2021 1445 2092 dis-

339 2137 531 2230 pensatrix.
583 2137 727 2210 Morum
760 2137 993 2232 appellamus,
1021 2159 1104 2209 oum
1138 2159 1268 2231 eorpus
1300 2137 1445 2230 aliquod

339 2251 407 2323 sibi
425 2252 646 2344 permittitur
669 2253 715 2326 ad
741 2261 884 2346 tempus
908 2254 1077 2337 notabile,
1094 2255 1277 2324 munitum
1302 2255 1445 2326 interim

339 2375 380 2439 et
403 2365 590 2440 defensum
616 2367 663 2438 ab
686 2367 858 2462 eliquari
884 2377 1042 2441 externa
1093 2367 1185 2441 Tum
1203 2369 1304 2440 enim
1327 2378 1445 2441 motus

340 2481 502 2554 intestini
524 2504 562 2554 se
585 2483 741 2576 produnt
763 2493 802 2556 et
823 2484 1025 2579 perlieiunt,
1043 2506 1127 2555 eum
1144 2493 1267 2556 motus
1284 2485 1445 2555 extranei

340 2605 380 2670 et
394 2598 583 2670 adventitii
603 2609 754 2672 cessant.
805 2601 926 2694 Opera
946 2609 1070 2672 autem
1094 2601 1208 2672 etatis
1231 2609 1318 2672 sunt
1340 2600 1445 2694 longe

340 2711 526 2784 subtiliora
551 2736 659 2807 quem
686 2715 789 2810 ignis.
842 2714 974 2810 Neque
1000 2717 1096 2788 enim
1124 2715 1236 2809 possit
1260 2715 1339 2786 lieri
1367 2714 1445 2786 talis

341 2827 545 2901 einrilioatio
559 2831 631 2900 vini
649 2853 714 2924 per
730 2833 860 2926 ignem,
874 2832 989 2925 qualis
1004 2830 1048 2904 fit
1064 2855 1129 2925 per
1145 2853 1303 2914 moram;
1328 2819 1444 2924 neque

340 2945 451 3018 etiam
480 2946 756 3020 incinerationes
784 2949 999 3043 perignem
1032 2956 1107 3018 tam
1141 2955 1227 3018 sunt
1259 2947 1445 3040 exquisite

341 3083 449 3156 quam
474 3062 707 3136 resolutiones
733 3073 772 3136 et
796 3065 1084 3158 oonsumptiones
1109 3085 1174 3156 per
1196 3062 1337 3134 saeonla
1390 3062 1446 3133 In-

342 3179 605 3272 eorporatinnes
626 3180 737 3251 etiam
757 3189 796 3252 et
818 3179 1002 3252 mistiones
1023 3179 1150 3252 subite
1166 3187 1205 3252 et
1221 3179 1446 3273 praeeipitatae

342 3294 552 3388 perignem
581 3293 689 3389 longe
718 3297 903 3368 inferiores
931 3306 1015 3367 sunt
1044 3293 1232 3387 illisque
1260 3295 1355 3366 fiunt
1385 3317 1446 3388 per

343 3431 490 3482 moram.
541 3407 596 3480 At
630 3409 855 3482 dissimilares
887 3421 926 3482 et
955 3411 1042 3482 varii
1075 3411 1329 3494 schematismi‚
1360 3433 1445 3504 quos

343 3547 490 3619 corpora
506 3547 702 3618 perurerer
718 3535 873 3610 tentant,
890 3525 1027 3620 (quales
1043 3535 1127 3598 snut
1142 3527 1368 3620 putredines)
1385 3549 1446 3620 per

343 3640 465 3734 ignem
481 3649 545 3710 aut
562 3639 716 3713 oelorem
734 3641 1038 3714 uehementiorem
1054 3641 1299 3712 destruuntur.
1351 3639 1445 3712 Illud

344 3755 487 3826 interim
521 3777 593 3826 non
628 3755 691 3828 abs
724 3779 763 3828 re
796 3757 904 3830 luerit
937 3767 1080 3843 notare3
1106 3767 1226 3830 motus
1259 3781 1446 3853 eorpornm

345 3868 488 3963 penitus
505 3869 752 3942 conclusorum
768 3871 899 3945 habere
918 3873 1081 3944 nonnihil
1103 3895 1151 3946 ex
1167 3875 1337 3946 violento.
1390 3874 1446 3945 In·

346 3984 538 4056 eareeratio
555 3985 652 4055 enim
667 3983 730 4058 illa
744 3985 897 4081 impedit
912 3997 1032 4060 motus
1053 3997 1267 4084 spontaneos
1283 3992 1446 4085 eorporis

348 4100 478 4193 Itaque
499 4122 600 4172 mora
621 4100 658 4172 in
677 4123 758 4174 vase
774 4111 899 4196 aperto
915 4104 996 4199 plus
1013 4106 1099 4178 iaeit
1120 4107 1166 4177 ad
1188 4110 1447 4200 seper-ationem
1550 4165 1551 4192 ³

347 4219 385 4290 in
403 4239 485 4289 vase
509 4217 652 4310 penitus
676 4216 796 4290 olauso
820 4219 866 4290 ad
891 4223 1174 4307 commistiones;
1201 4225 1240 4294 in
1256 4246 1340 4296 vase
1363 4248 1447 4296 non·

348 4333 438 4405 nihil
465 4333 593 4420 clauso,
621 4335 683 4408 sed
714 4335 937 4410 subintrante
963 4341 1055 4424 aire,
1081 4340 1126 4411 ad
1157 4341 1443 4434 putrefactiones.
1550 4401 1551 4428 p
