3156 5176
321 339 388 406 284
648 335 824 406 NOVUM
847 339 1098 407 ORGANUM.

372 505 498 600 Atque
522 507 601 591 hoe,
618 529 702 580 aum
727 507 911 592 similibus,
929 507 1032 580 nobis
1052 503 1266 599 quandoque
1288 503 1434 578 dubita·

324 626 460 698 tionem
494 625 633 719 peperit
666 623 771 719 plene
805 633 1060 709 monstrosam
1092 619 1272 706 videlieet,
1307 629 1433 693 utrum

322 741 404 814 ooeli
426 741 541 813 sereni
564 750 603 814 et
623 741 757 814 stellati
781 742 892 815 facies
915 741 961 814 ad
984 739 1082 812 idem
1102 747 1245 832 tempus
1262 747 1434 810 oeruatur

323 859 466 952 quando
483 879 567 930 rere
582 857 715 942 existit,
727 880 773 929 an
789 859 908 952 potina
924 857 1109 952 eliquanto
1125 864 1226 949 post3
1252 863 1293 926 et
1308 865 1435 926 utrum

323 995 397 1046 non
430 973 478 1046 sit
507 971 697 1066 (quatenus
729 974 775 1045 ad
805 975 921 1046 visum
955 968 1170 1060 eoelestinm)
1200 991 1275 1041 non
1309 972 1434 1041 minus

324 1098 468 1184 tempus
484 1111 618 1173 rernm,
636 1098 674 1162 et
698 1097 839 1184 tempus
862 1091 990 1174 visum,
1006 1110 1115 1184 quam
1137 1087 1238 1160 locus
1260 1109 1378 1170 verus,
1396 1097 1435 1160 et

325 1205 423 1278 loeus
440 1207 545 1290 risus,
562 1206 624 1299 qui
647 1214 792 1278 notetur
814 1207 861 1278 ab
887 1204 1098 1280 astronomis
1122 1205 1160 1274 in
1180 1201 1434 1296 parallnxibuu

324 1321 432 1394 Adeo
461 1319 668 1393 incredibile
698 1321 800 1394 nobis
824 1321 1022 1406 videbatur,
1045 1320 1179 1415 speeies
1209 1319 1285 1390 sive
1314 1317 1436 1390 radios

325 1460 513 1533 eorpornm
541 1436 741 1510 ooelestium
770 1460 833 1531 per
859 1451 934 1510 tam
963 1437 1137 1508 immensa
1163 1433 1279 1527 spatia
1305 1433 1437 1504 milliu-

325 1554 418 1625 rium
439 1552 556 1625 subito
573 1554 703 1626 desani
728 1577 830 1648 poma
852 1554 899 1627 ad
917 1554 1054 1638 risnm;
1080 1551 1142 1624 sed
1160 1551 1282 1644 potius
1298 1549 1435 1623 debere

326 1690 387 1742 eae
413 1669 451 1740 in
479 1677 640 1762 tempore
667 1667 786 1762 aliquo
811 1669 960 1743 notabili
987 1667 1105 1742 delabi
1115 1663 1154 1738 ὦ.
1206 1665 1352 1740 Verum
1372 1666 1436 1738 illa

327 1783 506 1856 dubitatio
533 1785 664 1878 (quoad
690 1786 806 1879 majus
835 1783 977 1878 aliquod
1007 1783 1236 1857 intervallum
1261 1785 1439 1876 temporis

326 1901 422 1972 inter
443 1907 587 1994 tempus
611 1921 736 1972 verum
761 1909 799 1971 et
825 1901 954 1996 visum)
982 1909 1107 1996 postea
1134 1899 1241 1994 plane
1265 1901 1437 1985 evanuit;

326 2015 575 2112 reputantibus
591 2015 694 2089 nobis
704 2017 884 2110 jacturam
901 2016 1000 2088 illam
1016 2017 1205 2100 infinitam,
1223 2024 1263 2087 et
1279 2016 1438 2088 diminu-

328 2135 465 2207 tionem
489 2134 624 2227 quanti,
647 2143 823 2227 qnatenus
849 2134 895 2207 ad
919 2135 1163 2230 apparentiam
1188 2133 1284 2204 inter
1307 2155 1437 2227 eorpus

327 2249 440 2324 stelles
456 2273 580 2322 vorum
603 2259 642 2322 et
664 2251 819 2346 speeiem
836 2253 959 2336 visam,
975 2274 1054 2346 quoe
1070 2245 1238 2324 causatur
1258 2273 1281 2321 a
1301 2250 1438 2322 distau-

328 2367 400 2450 tia3
437 2375 547 2460 atque
577 2366 683 2438 simul
712 2367 919 2440 notantibus
951 2366 998 2438 ad
1028 2374 1199 2459 quantam
1227 2366 1438 2440 distantiam

329 2479 532 2578 (sexaginta
555 2482 692 2557 seilicet
714 2483 759 2556 ad
782 2485 971 2556 minimum
992 2482 1255 2576 milliariorum)
1276 2506 1438 2579 oorporu,

329 2621 444 2692 eaque
468 2607 610 2672 tuntum
634 2598 834 2683 albioantia,
852 2599 972 2672 subito
996 2599 1055 2670 hio
1078 2601 1174 2693 opud
1199 2622 1264 2671 noa
1288 2623 1439 2672 oernen-

331 2723 411 2800 tur3
437 2737 519 2786 eum
541 2714 691 2787 dubium
717 2738 788 2787 non
813 2717 871 2800 sit,
888 2715 1007 2788 lucem
1030 2715 1242 2801 aoelestium,
1258 2735 1332 2788 nou
1359 2727 1439 2790 tan-

332 2840 412 2904 turn
440 2831 614 2904 albedinis
641 2832 799 2904 vividum
829 2831 995 2917 oolorem,
1021 2855 1147 2905 rernm
1177 2833 1289 2904 etiam
1319 2835 1438 2906 omnia

330 2945 480 3020 flammae
511 2951 605 3042 (quae
630 2951 725 3044 apud
749 2971 815 3021 nos
838 2957 927 3021 nota
953 2949 1023 3041 est)
1049 2948 1177 3033 lneem‚
1194 2949 1313 3043 quoad
1339 2951 1439 3046 vigo-

330 3085 408 3134 rem
433 3062 649 3147 radiationis,
672 3064 796 3137 multis
822 3065 981 3158 partibus
1007 3065 1204 3150 exceder03
1230 3065 1342 3136 etiam
1370 3067 1437 3136 im-

331 3201 454 3252 mensa
483 3179 544 3252 illu
568 3179 738 3253 volooitse
764 3181 903 3275 inipso
931 3203 1088 3276 oorpore,
1108 3204 1186 3275 quae
1213 3182 1374 3254 esrnitur
1400 3183 1436 3253 in

331 3309 434 3368 motu
450 3296 587 3380 diurno,
607 3297 699 3390 (quoe
722 3297 831 3368 etiam
849 3297 942 3369 viros
964 3319 1088 3392 graves
1109 3298 1161 3369 ita
1184 3296 1436 3392 obstupefecit,

332 3420 377 3483 ut
400 3411 549 3484 mallent
574 3412 719 3486 eredere
744 3421 884 3484 motum
909 3415 1027 3503 terrra)
1053 3413 1140 3486 fauit
1165 3422 1306 3486 motum
1332 3413 1436 3486 illum

332 3527 574 3621 ejaoulationie
597 3529 773 3601 radiorum
790 3529 836 3602 ab
852 3531 937 3623 ipsis
954 3529 1053 3625 (lieet
1070 3529 1265 3615 eeleritate,
1283 3541 1327 3602 ut
1343 3533 1437 3604 dixi-

332 3666 424 3728 mus
441 3645 652 3733 mirabilem)
671 3647 785 3740 magis
806 3646 1023 3718 credibilem.
1076 3643 1241 3718 Maxime
1258 3669 1344 3720 vero
1360 3672 1437 3721 om·

332 3759 433 3832 nium
462 3780 526 3830 uos
555 3760 678 3844 movit,
708 3760 805 3854 quod
835 3761 865 3832 si
894 3761 1179 3857 interponeretur
1207 3763 1435 3836 intervallum

367 3977 394 4020 θ
405 3984 424 4011 “
432 3978 491 4035 Tha
501 3991 697 4038 mensuramant
707 3981 738 4038 ol
751 3983 797 4038 tbe
807 3983 862 4040 Vo-
904 3984 972 4041 Brit.
985 4001 1012 4056 p.
1020 3983 1083 4052 4⁶8.
1105 3983 1222 4040 Modern
1235 3983 1361 4058 Plryrioal
1373 3985 1436 4042 Phi-

332 4059 414 4133 locity
431 4059 462 4114 oi
478 4055 557 4132 light,
576 4059 630 4115 und
650 4060 696 4116 tbe
715 4061 863 4118 wonderful
903 4063 1042 4136 loaopbers
1068 4061 1136 4117 have
1160 4062 1298 4136 deliglrtod
1321 4073 1351 4120 to
1377 4064 1436 4136 give

332 4155 530 4210 eansequanoes
553 4137 655 4211 arising
675 4140 744 4195 irum
768 4141 798 4206 it,
819 4159 864 4198 ma
903 4141 1119 4198 thetbononrto
1131 4139 1234 4207 Βιοοιι,
1245 4141 1336 4198 which
1353 4141 1388 4197 he
1405 4159 1436 4196 so

333 4217 715 4274 thebmtcommentarieson
731 4219 786 4275 this
802 4237 863 4292 pm·
904 4219 1174 4294 standilyreiusedto
1190 4221 1436 4296 givetntlregrnt

333 4314 406 4370 naga,
418 4296 472 4352 and
484 4296 530 4352 the
547 4295 657 4369 highest
672 4299 769 4371 aulopy
780 4317 818 4354 on
829 4300 864 4354 its
905 4318 967 4356 men
980 4299 1011 4356 oi
1018 4299 1061 4354 his
1073 4316 1134 4354 own
1146 4317 1204 4370 age.

334 4375 469 4432 Autbor.”
488 4375 611 4448 Playiair,
620 4376 740 4434 Diserti
753 4377 862 4452 linoycl.
