3222 5148
312 343 377 410 168
637 342 811 409 Novum
833 343 1083 410 ORGANUM.

310 515 443 590 eontra,
472 527 565 600 eque
595 505 695 578 fortis
722 515 910 600 argentum
941 505 1056 589 solvit,
1086 529 1212 578 eurum
1241 506 1414 578 minime:

311 629 479 692 neutrum
497 629 621 692 eutem
639 619 745 692 solvit
763 621 906 691 vitrum.
958 620 1008 691 Et
1024 623 1075 693 eie
1092 622 1137 694 de
1153 622 1301 694 caurio

631 785 696 857 Ad
709 785 903 858 vicesimam
922 793 1092 880 quartem.

358 903 418 980 29.
445 897 527 972 mat
557 901 843 994 experimentum
875 901 1018 994 spiritus
1047 902 1120 971 vini
1154 902 1191 971 in
1226 902 1344 996 lignis,
1370 924 1413 972 ec

308 1016 417 1086 etiem
442 1017 480 1086 in
507 1016 646 1110 butyro,
663 1023 727 1086 eut
743 1038 833 1097 oerm
851 1025 914 1086 ent
934 1015 1035 1109 piee;
1061 1018 1090 1086 si
1116 1017 1210 1088 forte
1234 1039 1299 1110 per
1319 1014 1412 1087 eelo-

306 1153 383 1202 rem
400 1154 505 1202 suum
522 1155 566 1204 ee
581 1131 806 1225 aliquetenus
823 1131 1028 1225 liquefueiut
1037 1129 1076 1204 ⁷⁷.
1117 1132 1262 1203 Etenim
1280 1134 1412 1203 insten-

307 1247 358 1317 tie
375 1247 541 1318 vieeeime
558 1256 684 1340 quurte
700 1248 858 1318 ostendit
874 1255 1089 1342 potestatem
1108 1249 1183 1342 ejus
1201 1249 1411 1319 imitatimm

307 1362 432 1434 eelorie
453 1363 490 1432 in
513 1363 835 1434 immutationibus.
888 1361 1015 1456 Iteque
1035 1363 1099 1434 fiet
1122 1364 1287 1436 similiter
1303 1387 1413 1458 expe-

306 1478 498 1549 rimentum
522 1480 558 1548 in
583 1477 907 1571 liquefactionibus.
960 1479 1041 1550 Fiat
1059 1481 1168 1551 etiem
1190 1481 1413 1574 experimen-

306 1603 386 1663 tum
410 1616 473 1686 per
494 1595 626 1664 vitrum
651 1593 827 1688 graduum
853 1594 927 1664 eive
953 1594 1148 1677 colendam,
1167 1596 1261 1688 quod
1286 1618 1412 1666 eonon·

308 1731 391 1778 vum
408 1710 455 1779 sit
467 1709 504 1778 in
519 1710 725 1780 summitate
738 1731 802 1779 eun
811 1731 876 1801 per
892 1711 1069 1794 exteriue;
1087 1719 1125 1781 et
1141 1712 1357 1782 immittetur
1373 1713 1412 1782 in

305 1823 395 1895 illud
420 1846 614 1896 eonoevum
638 1825 795 1896 exterius
818 1825 961 1917 spiritus
977 1827 1051 1896 vini
1075 1825 1166 1897 bene
1182 1827 1411 1913 rectifientue,

305 1961 389 2010 eum
412 1937 590 2031 operculo,
614 1947 657 2008 ut
682 1938 810 2008 melius
835 1939 1018 2010 contineat
1043 1938 1196 2012 colorem
1222 1962 1346 2022 suum3
1372 1951 1412 2012 et

305 2063 452 2125 notetur
468 2063 587 2124 utrum
607 2077 671 2146 per
686 2053 841 2124 calorem
865 2077 967 2124 suom
993 2055 1098 2126 faeiat
1118 2078 1247 2148 equam
1265 2055 1413 2126 deseen-

305 2171 405 2244 dere.

627 2269 692 2343 Ad
705 2271 899 2344 vicesimam
919 2271 1086 2367 quintum.

356 2392 417 2459 30.
442 2385 626 2472 Aromata,
642 2395 682 2458 et
698 2386 818 2458 berbae
837 2409 936 2456 neree
952 2387 996 2457 ed
1014 2385 1184 2480 palatum,
1202 2385 1317 2492 multo
1334 2407 1409 2457 mo·

305 2505 361 2598 gis
389 2511 539 2596 sumpte
566 2503 726 2586 interius,
753 2501 996 2596 percipiuntur
1024 2503 1148 2574 eeiide.
1201 2502 1410 2576 Videndum

304 2621 428 2712 itaque
444 2621 481 2690 in
499 2619 628 2711 quibus
644 2618 723 2690 eliis
740 2619 897 2690 meteriis
914 2629 1138 2712 exequentur
1150 2643 1258 2714 opem
1274 2619 1410 2692 eeleris.

305 2733 429 2827 Atque
445 2735 604 2807 referunt
620 2744 748 2818 nante,
762 2757 844 2806 eum
862 2734 997 2805 eumuli
1015 2743 1054 2806 et
1072 2758 1194 2806 muesae
1210 2745 1410 2806 aromatum

305 2851 368 2922 diu
392 2850 566 2924 eonelusae
590 2850 709 2920 subito
732 2851 946 2943 operiuntur,
965 2850 1162 2945 perieulum
1179 2853 1313 2924 inetnre
1328 2851 1410 2934 illie,

305 2968 366 3059 qui
394 2989 453 3038 ees
481 2968 596 3060 prime
620 2967 759 3060 agitent
783 2972 821 3035 et
848 2965 1091 3048 extrahente
1113 2965 1271 3038 febribus
1296 2976 1334 3038 et
1356 2968 1411 3038 in-

304 3081 606 3154 flammationibus
622 3081 778 3174 spiritus.
831 3079 1006 3151 Similiter
1020 3081 1097 3152 fieri
1124 3083 1256 3176 poterit
1272 3084 1411 3176 experi-

304 3209 479 3280 mentum,
513 3207 634 3268 utrum
668 3195 831 3289 pulveres
868 3195 1072 3288 hujusmodi
1113 3208 1313 3270 aromatum
1346 3209 1411 3272 eut

304 3313 495 3384 herborum
511 3335 584 3384 non
601 3312 794 3384 arefeoieot
811 3310 973 3394 laridum,
988 3320 1028 3383 et
1043 3335 1186 3384 earnem
1203 3335 1408 3408 suspensum

305 3451 410 3522 super
425 3431 529 3521 ipsos,
548 3429 660 3499 veluti
678 3428 798 3498 fumus
813 3427 917 3522 ignis.

644 3591 708 3664 Ad
720 3593 915 3666 ememmem
931 3601 1074 3665 suetam.

357 3713 417 3779 31.
444 3707 652 3779 Aerimonie
684 3709 757 3779 eive
790 3710 990 3802 penetratio
1025 3711 1119 3782 inest
1152 3719 1228 3782 tem
1262 3711 1409 3808 frigidis,

305 3821 424 3917 qualia
451 3830 535 3893 eunt
563 3833 717 3906 noetum,
747 3833 786 3895 et
816 3823 934 3896 oleum
965 3824 1111 3910 vitrioli,
1136 3849 1244 3919 quem
1275 3827 1410 3912 eelidie,

306 3937 425 4032 qualia
440 3947 524 4009 eunt
541 3938 660 4010 oleum
677 3941 825 4035 origeni,
844 3949 882 4011 et
903 3939 1042 4012 similia.
1095 3941 1224 4036 Imque
1246 3944 1410 4017 similiter

305 4064 344 4128 et
360 4057 397 4126 in
413 4055 580 4126 animetis
596 4055 692 4127 eient
710 4055 882 4142 dolorem,
899 4065 938 4128 et
960 4057 997 4128 iu
1022 4080 1093 4129 non
1116 4058 1281 4131 animetis
1299 4059 1411 4132 divel-

350 4330 1363 4404 ⁷⁷SqiriteofWinewillmlvetruxtrudpiteb,bntnotrroodorbuttu.
