<?xml version="1.0" encoding="UTF-8"?>
<!DOCTYPE html PUBLIC "-//W3C//DTD XHTML 1.0 Transitional//EN"
    "http://www.w3.org/TR/xhtml1/DTD/xhtml1-transitional.dtd">
<html xmlns="http://www.w3.org/1999/xhtml" xml:lang="en" lang="en">
 <head>
  <title>
</title>
<meta http-equiv="Content-Type" content="text/html;charset=utf-8" />
  <meta name='ocr-system' content='tesseract 3.04.00' />
  <meta name='ocr-capabilities' content='ocr_page ocr_carea ocr_par ocr_line ocrx_word'/>
</head>
<body>
  <div class='ocr_page' id='page_1' title='image "./franciscibaconi01kitcgoog_0250.png"; bbox 0 0 3268 5146; ppageno 0'>
   <div class='ocr_carea' id='block_1_1' title="bbox 640 365 1331 454">
    <p class='ocr_par' dir='ltr' id='par_1_1' title="bbox 640 365 1331 454">
     <span class='ocr_line' id='line_1_1' title="bbox 640 365 1331 454; baseline 0 -22"><span class='ocrx_word' id='word_1_1' title='bbox 640 367 730 433; x_wconf 83' lang='lat' dir='ltr'><strong>LIB.</strong></span> <span class='ocrx_word' id='word_1_2' title='bbox 754 365 800 432; x_wconf 91' lang='lat'><strong>11.</strong></span> <span class='ocrx_word' id='word_1_3' title='bbox 815 389 868 454; x_wconf 85' lang='lat'><strong>30,</strong></span> <span class='ocrx_word' id='word_1_4' title='bbox 880 389 933 454; x_wconf 81' lang='lat'><strong>31.</strong></span> <span class='ocrx_word' id='word_1_5' title='bbox 1270 370 1331 432; x_wconf 71' lang='lat'><strong>221</strong></span> 
     </span>
    </p>
   </div>
   <div class='ocr_carea' id='block_1_2' title="bbox 284 556 1333 751">
    <p class='ocr_par' dir='ltr' id='par_1_2' title="bbox 284 556 1333 751">
     <span class='ocr_line' id='line_1_2' title="bbox 284 556 1333 751; baseline 0.002 -25"><span class='ocrx_word' id='word_1_6' title='bbox 284 656 386 728; x_wconf 88' lang='lat' dir='ltr'><strong>Inter</strong></span> <span class='ocrx_word' id='word_1_7' title='bbox 402 655 655 751; x_wconf 74' lang='lat' dir='ltr'><strong>proeropaticaa</strong></span> <span class='ocrx_word' id='word_1_8' title='bbox 677 556 925 729; x_wconf 43' lang='lat' dir='ltr'><strong>iniiajritjiorum</strong></span> <span class='ocrx_word' id='word_1_9' title='bbox 942 679 1113 751; x_wconf 87' lang='lat' dir='ltr'><strong>ponemus</strong></span> <span class='ocrx_word' id='word_1_10' title='bbox 1136 657 1215 729; x_wconf 89' lang='lat' dir='ltr'><strong>loco</strong></span> <span class='ocrx_word' id='word_1_11' title='bbox 1239 680 1333 729; x_wconf 91' lang='lat' dir='ltr'><strong>nono</strong></span> 
     </span>
    </p>
   </div>
   <div class='ocr_carea' id='block_1_3' title="bbox 232 767 1337 2613">
    <p class='ocr_par' dir='ltr' id='par_1_3' title="bbox 232 767 1335 2147">
     <span class='ocr_line' id='line_1_3' title="bbox 234 767 1334 870; baseline 0.005 -28"><span class='ocrx_word' id='word_1_12' title='bbox 234 771 418 843; x_wconf 75' lang='lat' dir='ltr'><strong>instantias</strong></span> <span class='ocrx_word' id='word_1_13' title='bbox 452 767 677 852; x_wconf 75' lang='lat' dir='ltr'><strong>limitaneas:</strong></span> <span class='ocrx_word' id='word_1_14' title='bbox 718 796 806 867; x_wconf 89' lang='lat' dir='ltr'><strong>qnas</strong></span> <span class='ocrx_word' id='word_1_15' title='bbox 841 776 951 846; x_wconf 83' lang='lat' dir='ltr'><strong>etiem</strong></span> <span class='ocrx_word' id='word_1_16' title='bbox 980 773 1173 870; x_wconf 79' lang='lat' dir='ltr'><strong>participio</strong></span> <span class='ocrx_word' id='word_1_17' title='bbox 1208 797 1334 847; x_wconf 85' lang='lat' dir='ltr'><strong>vocare</strong></span> 
     </span>
     <span class='ocr_line' id='line_1_4' title="bbox 233 883 1334 986; baseline 0.005 -27"><span class='ocrx_word' id='word_1_18' title='bbox 233 883 526 960; x_wconf 82' lang='lat' dir='ltr'><strong>consuevimus⁷⁸.</strong></span> <span class='ocrx_word' id='word_1_19' title='bbox 578 885 640 957; x_wconf 79' lang='lat' dir='ltr'><strong>Eae</strong></span> <span class='ocrx_word' id='word_1_20' title='bbox 666 911 750 960; x_wconf 84' lang='lat' dir='ltr'><strong>vero</strong></span> <span class='ocrx_word' id='word_1_21' title='bbox 777 899 872 975; x_wconf 89' lang='lat' dir='ltr'><strong>sunt,</strong></span> <span class='ocrx_word' id='word_1_22' title='bbox 898 915 976 984; x_wconf 82' lang='lat' dir='ltr'><strong>quse</strong></span> <span class='ocrx_word' id='word_1_23' title='bbox 1002 892 1176 964; x_wconf 76' lang='lat' dir='ltr'>exhibent</span> <span class='ocrx_word' id='word_1_24' title='bbox 1199 893 1334 986; x_wconf 89' lang='lat' dir='ltr'><strong>species</strong></span> 
     </span>
     <span class='ocr_line' id='line_1_5' title="bbox 233 1001 1334 1100; baseline 0.003 -26"><span class='ocrx_word' id='word_1_25' title='bbox 233 1025 420 1097; x_wconf 87' lang='lat' dir='ltr'><strong>corporum</strong></span> <span class='ocrx_word' id='word_1_26' title='bbox 440 1001 540 1086; x_wconf 85' lang='lat' dir='ltr'><strong>tales,</strong></span> <span class='ocrx_word' id='word_1_27' title='bbox 558 1024 637 1094; x_wconf 84' lang='lat' dir='ltr'><strong>quae</strong></span> <span class='ocrx_word' id='word_1_28' title='bbox 660 1004 828 1075; x_wconf 88' lang='lat' dir='ltr'><strong>videntur</strong></span> <span class='ocrx_word' id='word_1_29' title='bbox 852 1027 929 1076; x_wconf 87' lang='lat' dir='ltr'><strong>esse</strong></span> <span class='ocrx_word' id='word_1_30' title='bbox 955 1005 1159 1098; x_wconf 83' lang='lat' dir='ltr'><strong>compositae</strong></span> <span class='ocrx_word' id='word_1_31' title='bbox 1184 1028 1230 1077; x_wconf 85' lang='lat' dir='ltr'><strong>ox</strong></span> <span class='ocrx_word' id='word_1_32' title='bbox 1255 1028 1334 1100; x_wconf 88' lang='lat' dir='ltr'><strong>spe·</strong></span> 
     </span>
     <span class='ocr_line' id='line_1_6' title="bbox 233 1119 1334 1216; baseline 0.003 -25"><span class='ocrx_word' id='word_1_33' title='bbox 233 1119 355 1192; x_wconf 88' lang='lat' dir='ltr'><strong>ciebus</strong></span> <span class='ocrx_word' id='word_1_34' title='bbox 381 1120 527 1203; x_wconf 87' lang='lat' dir='ltr'><strong>duabus,</strong></span> <span class='ocrx_word' id='word_1_35' title='bbox 552 1119 607 1190; x_wconf 88' lang='lat' dir='ltr'><strong>vel</strong></span> <span class='ocrx_word' id='word_1_36' title='bbox 634 1122 836 1194; x_wconf 87' lang='lat' dir='ltr'><strong>rudimenta</strong></span> <span class='ocrx_word' id='word_1_37' title='bbox 860 1124 957 1193; x_wconf 91' lang='lat' dir='ltr'><strong>inter</strong></span> <span class='ocrx_word' id='word_1_38' title='bbox 981 1125 1136 1216; x_wconf 88' lang='lat' dir='ltr'><strong>speciem</strong></span> <span class='ocrx_word' id='word_1_39' title='bbox 1161 1145 1270 1194; x_wconf 85' lang='lat' dir='ltr'><strong>unam</strong></span> <span class='ocrx_word' id='word_1_40' title='bbox 1296 1131 1334 1194; x_wconf 89' lang='lat' dir='ltr'><strong>et</strong></span> 
     </span>
     <span class='ocr_line' id='line_1_7' title="bbox 233 1234 1334 1311; baseline 0.002 -3"><span class='ocrx_word' id='word_1_41' title='bbox 233 1235 391 1308; x_wconf 88' lang='lat' dir='ltr'><strong>alteram.</strong></span> <span class='ocrx_word' id='word_1_42' title='bbox 443 1234 512 1306; x_wconf 84' lang='lat' dir='ltr'><strong>Hae</strong></span> <span class='ocrx_word' id='word_1_43' title='bbox 530 1258 612 1307; x_wconf 87' lang='lat' dir='ltr'><strong>vero</strong></span> <span class='ocrx_word' id='word_1_44' title='bbox 628 1238 807 1309; x_wconf 75' lang='lat' dir='ltr'><strong>instantiae</strong></span> <span class='ocrx_word' id='word_1_45' title='bbox 824 1238 1120 1311; x_wconf 65' lang='lat' dir='ltr'><strong>interimuntur</strong></span> <span class='ocrx_word' id='word_1_46' title='bbox 1136 1237 1334 1310; x_wconf 80' lang='lat' dir='ltr'><strong>monadicus</strong></span> 
     </span>
     <span class='ocr_line' id='line_1_8' title="bbox 233 1350 1334 1448; baseline 0.002 -23"><span class='ocrx_word' id='word_1_47' title='bbox 233 1355 307 1425; x_wconf 83' lang='lat' dir='ltr'><strong>sive</strong></span> <span class='ocrx_word' id='word_1_48' title='bbox 329 1350 542 1424; x_wconf 76' lang='lat' dir='ltr'><strong>heteroclitue</strong></span> <span class='ocrx_word' id='word_1_49' title='bbox 565 1362 663 1426; x_wconf 85' lang='lat' dir='ltr'><strong>reete</strong></span> <span class='ocrx_word' id='word_1_50' title='bbox 685 1355 863 1426; x_wconf 80' lang='lat' dir='ltr'><strong>numerari</strong></span> <span class='ocrx_word' id='word_1_51' title='bbox 883 1365 1051 1448; x_wconf 83' lang='lat' dir='ltr'><strong>possunt:</strong></span> <span class='ocrx_word' id='word_1_52' title='bbox 1077 1363 1160 1427; x_wconf 86' lang='lat' dir='ltr'><strong>sunt</strong></span> <span class='ocrx_word' id='word_1_53' title='bbox 1183 1356 1334 1427; x_wconf 91' lang='lat' dir='ltr'><strong>enimin</strong></span> 
     </span>
     <span class='ocr_line' id='line_1_9' title="bbox 233 1469 1334 1542; baseline 0.004 -4"><span class='ocrx_word' id='word_1_54' title='bbox 233 1469 463 1541; x_wconf 76' lang='lat' dir='ltr'><strong>universitate</strong></span> <span class='ocrx_word' id='word_1_55' title='bbox 480 1492 598 1540; x_wconf 90' lang='lat' dir='ltr'><strong>rerum</strong></span> <span class='ocrx_word' id='word_1_56' title='bbox 614 1492 699 1541; x_wconf 84' lang='lat' dir='ltr'><strong>rarae</strong></span> <span class='ocrx_word' id='word_1_57' title='bbox 719 1479 757 1540; x_wconf 88' lang='lat' dir='ltr'><strong>et</strong></span> <span class='ocrx_word' id='word_1_58' title='bbox 775 1472 1070 1542; x_wconf 82' lang='lat' dir='ltr'><strong>extraordinariae.</strong></span> <span class='ocrx_word' id='word_1_59' title='bbox 1122 1469 1195 1542; x_wconf 89' lang='lat' dir='ltr'><strong>Sed</strong></span> <span class='ocrx_word' id='word_1_60' title='bbox 1212 1477 1334 1542; x_wconf 88' lang='lat' dir='ltr'><strong>tamen</strong></span> 
     </span>
     <span class='ocr_line' id='line_1_10' title="bbox 233 1584 1334 1681; baseline 0.001 -25"><span class='ocrx_word' id='word_1_61' title='bbox 233 1584 279 1656; x_wconf 93' lang='lat' dir='ltr'><strong>ob</strong></span> <span class='ocrx_word' id='word_1_62' title='bbox 312 1585 527 1680; x_wconf 84' lang='lat' dir='ltr'><strong>dignitatem</strong></span> <span class='ocrx_word' id='word_1_63' title='bbox 561 1588 706 1656; x_wconf 87' lang='lat' dir='ltr'><strong>seorsim</strong></span> <span class='ocrx_word' id='word_1_64' title='bbox 736 1587 928 1657; x_wconf 82' lang='lat' dir='ltr'><strong>tractandae</strong></span> <span class='ocrx_word' id='word_1_65' title='bbox 961 1594 1001 1658; x_wconf 91' lang='lat' dir='ltr'><strong>ot</strong></span> <span class='ocrx_word' id='word_1_66' title='bbox 1032 1587 1205 1681; x_wconf 80' lang='lat' dir='ltr'><strong>ponendae</strong></span> <span class='ocrx_word' id='word_1_67' title='bbox 1238 1595 1334 1658; x_wconf 89' lang='lat' dir='ltr'><strong>sunt.</strong></span> 
     </span>
     <span class='ocr_line' id='line_1_11' title="bbox 233 1701 1335 1796; baseline 0 -20"><span class='ocrx_word' id='word_1_68' title='bbox 233 1701 380 1796; x_wconf 91' lang='lat' dir='ltr'><strong>Optime</strong></span> <span class='ocrx_word' id='word_1_69' title='bbox 403 1703 499 1774; x_wconf 88' lang='lat' dir='ltr'><strong>enim</strong></span> <span class='ocrx_word' id='word_1_70' title='bbox 525 1703 684 1774; x_wconf 85' lang='lat' dir='ltr'><strong>indicant</strong></span> <span class='ocrx_word' id='word_1_71' title='bbox 708 1703 1000 1796; x_wconf 77' lang='lat' dir='ltr'><strong>compositionem</strong></span> <span class='ocrx_word' id='word_1_72' title='bbox 1024 1711 1063 1776; x_wconf 91' lang='lat' dir='ltr'><strong>et</strong></span> <span class='ocrx_word' id='word_1_73' title='bbox 1085 1703 1255 1775; x_wconf 88' lang='lat' dir='ltr'><strong>fabricam</strong></span> <span class='ocrx_word' id='word_1_74' title='bbox 1279 1727 1335 1776; x_wconf 86' lang='lat' dir='ltr'><strong>re·</strong></span> 
     </span>
     <span class='ocr_line' id='line_1_12' title="bbox 232 1799 1334 1913; baseline 0 -23"><span class='ocrx_word' id='word_1_75' title='bbox 232 1843 324 1903; x_wconf 84' lang='lat' dir='ltr'><strong>rum,</strong></span> <span class='ocrx_word' id='word_1_76' title='bbox 340 1827 379 1891; x_wconf 89' lang='lat' dir='ltr'><strong>et</strong></span> <span class='ocrx_word' id='word_1_77' title='bbox 399 1821 554 1890; x_wconf 89' lang='lat' dir='ltr'><strong>innuunt</strong></span> <span class='ocrx_word' id='word_1_78' title='bbox 577 1841 699 1890; x_wconf 87' lang='lat' dir='ltr'><strong>causas</strong></span> <span class='ocrx_word' id='word_1_79' title='bbox 721 1822 860 1891; x_wconf 89' lang='lat' dir='ltr'><strong>numeri</strong></span> <span class='ocrx_word' id='word_1_80' title='bbox 878 1829 917 1891; x_wconf 90' lang='lat' dir='ltr'><strong>et</strong></span> <span class='ocrx_word' id='word_1_81' title='bbox 932 1799 1114 1913; x_wconf 83' lang='lat' dir='ltr'><strong>qualitatis</strong></span> <span class='ocrx_word' id='word_1_82' title='bbox 1136 1821 1334 1913; x_wconf 82' lang='lat' dir='ltr'><strong>specierum</strong></span> 
     </span>
     <span class='ocr_line' id='line_1_13' title="bbox 233 1935 1334 2016; baseline 0 -8"><span class='ocrx_word' id='word_1_83' title='bbox 233 1937 488 2008; x_wconf 80' lang='lat' dir='ltr'><strong>ordinariorum</strong></span> <span class='ocrx_word' id='word_1_84' title='bbox 511 1937 548 2006; x_wconf 92' lang='lat' dir='ltr'><strong>in</strong></span> <span class='ocrx_word' id='word_1_85' title='bbox 574 1936 747 2016; x_wconf 89' lang='lat' dir='ltr'><strong>universo,</strong></span> <span class='ocrx_word' id='word_1_86' title='bbox 769 1943 807 2006; x_wconf 86' lang='lat' dir='ltr'><strong>et</strong></span> <span class='ocrx_word' id='word_1_87' title='bbox 832 1937 1015 2007; x_wconf 90' lang='lat' dir='ltr'><strong>deducunt</strong></span> <span class='ocrx_word' id='word_1_88' title='bbox 1039 1935 1264 2008; x_wconf 86' lang='lat' dir='ltr'><strong>intellectum</strong></span> <span class='ocrx_word' id='word_1_89' title='bbox 1289 1937 1334 2008; x_wconf 87' lang='lat' dir='ltr'><strong>ab</strong></span> 
     </span>
     <span class='ocr_line' id='line_1_14' title="bbox 233 2052 943 2147; baseline -0.003 -23"><span class='ocrx_word' id='word_1_90' title='bbox 233 2077 276 2125; x_wconf 90' lang='lat' dir='ltr'><strong>eo</strong></span> <span class='ocrx_word' id='word_1_91' title='bbox 293 2054 388 2147; x_wconf 92' lang='lat' dir='ltr'><strong>quod</strong></span> <span class='ocrx_word' id='word_1_92' title='bbox 406 2061 470 2137; x_wconf 89' lang='lat' dir='ltr'><strong>est,</strong></span> <span class='ocrx_word' id='word_1_93' title='bbox 487 2053 533 2124; x_wconf 90' lang='lat' dir='ltr'><strong>ad</strong></span> <span class='ocrx_word' id='word_1_94' title='bbox 549 2053 586 2124; x_wconf 92' lang='lat' dir='ltr'><strong>id</strong></span> <span class='ocrx_word' id='word_1_95' title='bbox 605 2052 701 2146; x_wconf 90' lang='lat' dir='ltr'><strong>quod</strong></span> <span class='ocrx_word' id='word_1_96' title='bbox 719 2075 794 2124; x_wconf 89' lang='lat' dir='ltr'><strong>esse</strong></span> <span class='ocrx_word' id='word_1_97' title='bbox 812 2061 943 2146; x_wconf 88' lang='lat' dir='ltr'><strong>potest.</strong></span> 
     </span>
    </p>

    <p class='ocr_par' dir='ltr' id='par_1_4' title="bbox 232 2169 1337 2613">
     <span class='ocr_line' id='line_1_15' title="bbox 284 2169 1336 2266; baseline 0.002 -26"><span class='ocrx_word' id='word_1_98' title='bbox 284 2169 424 2241; x_wconf 92' lang='lat' dir='ltr'><strong>Harum</strong></span> <span class='ocrx_word' id='word_1_99' title='bbox 448 2169 614 2263; x_wconf 87' lang='lat' dir='ltr'><strong>exempla</strong></span> <span class='ocrx_word' id='word_1_100' title='bbox 636 2180 738 2242; x_wconf 90' lang='lat' dir='ltr'><strong>sunt:</strong></span> <span class='ocrx_word' id='word_1_101' title='bbox 766 2191 918 2255; x_wconf 89' lang='lat' dir='ltr'><strong>muscus,</strong></span> <span class='ocrx_word' id='word_1_102' title='bbox 936 2173 1031 2242; x_wconf 88' lang='lat' dir='ltr'><strong>inter</strong></span> <span class='ocrx_word' id='word_1_103' title='bbox 1051 2170 1278 2266; x_wconf 85' lang='lat' dir='ltr'><strong>putredinem</strong></span> <span class='ocrx_word' id='word_1_104' title='bbox 1297 2179 1336 2242; x_wconf 90' lang='lat' dir='ltr'><strong>et</strong></span> 
     </span>
     <span class='ocr_line' id='line_1_16' title="bbox 234 2285 1336 2381; baseline 0.003 -25"><span class='ocrx_word' id='word_1_105' title='bbox 234 2285 416 2381; x_wconf 83' lang='lat' dir='ltr'><strong>plantam3</strong></span> <span class='ocrx_word' id='word_1_106' title='bbox 453 2296 601 2358; x_wconf 83' lang='lat' dir='ltr'><strong>cometae</strong></span> <span class='ocrx_word' id='word_1_107' title='bbox 631 2285 804 2371; x_wconf 89' lang='lat' dir='ltr'><strong>nonnulii,</strong></span> <span class='ocrx_word' id='word_1_108' title='bbox 834 2287 930 2359; x_wconf 91' lang='lat' dir='ltr'><strong>inter</strong></span> <span class='ocrx_word' id='word_1_109' title='bbox 959 2287 1081 2359; x_wconf 86' lang='lat' dir='ltr'><strong>stellas</strong></span> <span class='ocrx_word' id='word_1_110' title='bbox 1109 2295 1148 2358; x_wconf 89' lang='lat' dir='ltr'><strong>et</strong></span> <span class='ocrx_word' id='word_1_111' title='bbox 1176 2295 1336 2359; x_wconf 86' lang='lat' dir='ltr'><strong>meteora</strong></span> 
     </span>
     <span class='ocr_line' id='line_1_17' title="bbox 232 2402 1337 2497; baseline 0 -24"><span class='ocrx_word' id='word_1_112' title='bbox 232 2405 366 2497; x_wconf 81' lang='lat' dir='ltr'><strong>ignita3</strong></span> <span class='ocrx_word' id='word_1_113' title='bbox 391 2404 504 2496; x_wconf 79' lang='lat' dir='ltr'><strong>pisces</strong></span> <span class='ocrx_word' id='word_1_114' title='bbox 526 2402 698 2486; x_wconf 80' lang='lat' dir='ltr'><strong>volantes,</strong></span> <span class='ocrx_word' id='word_1_115' title='bbox 723 2405 817 2474; x_wconf 89' lang='lat' dir='ltr'><strong>inter</strong></span> <span class='ocrx_word' id='word_1_116' title='bbox 841 2426 923 2474; x_wconf 85' lang='lat' dir='ltr'><strong>aves</strong></span> <span class='ocrx_word' id='word_1_117' title='bbox 946 2411 984 2475; x_wconf 89' lang='lat' dir='ltr'><strong>et</strong></span> <span class='ocrx_word' id='word_1_118' title='bbox 1006 2403 1139 2497; x_wconf 91' lang='lat' dir='ltr'><strong>pisces;</strong></span> <span class='ocrx_word' id='word_1_119' title='bbox 1165 2403 1337 2495; x_wconf 87' lang='lat' dir='ltr'><strong>vesperti-</strong></span> 
     </span>
     <span class='ocr_line' id='line_1_18' title="bbox 233 2519 1035 2613; baseline -0.001 -23"><span class='ocrx_word' id='word_1_120' title='bbox 233 2520 353 2604; x_wconf 86' lang='lat' dir='ltr'><strong>liones,</strong></span> <span class='ocrx_word' id='word_1_121' title='bbox 371 2521 465 2590; x_wconf 89' lang='lat' dir='ltr'><strong>inter</strong></span> <span class='ocrx_word' id='word_1_122' title='bbox 481 2541 563 2590; x_wconf 84' lang='lat' dir='ltr'><strong>avos</strong></span> <span class='ocrx_word' id='word_1_123' title='bbox 580 2529 618 2590; x_wconf 93' lang='lat' dir='ltr'><strong>et</strong></span> <span class='ocrx_word' id='word_1_124' title='bbox 634 2519 899 2613; x_wconf 81' lang='lat' dir='ltr'><strong>quadrupedes:</strong></span> <span class='ocrx_word' id='word_1_125' title='bbox 926 2519 1035 2591; x_wconf 90' lang='lat' dir='ltr'><strong>etiam</strong></span> 
     </span>
    </p>
   </div>
   <div class='ocr_carea' id='block_1_4' title="bbox 235 2640 1338 2962">
    <p class='ocr_par' dir='ltr' id='par_1_5' title="bbox 235 2640 1338 2962">
     <span class='ocr_line' id='line_1_19' title="bbox 325 2640 1237 2740; baseline -0.002 -22"><span class='ocrx_word' id='word_1_126' title='bbox 325 2643 442 2718; x_wconf 84' lang='lat' dir='ltr'><strong>Simia</strong></span> <span class='ocrx_word' id='word_1_127' title='bbox 459 2668 560 2740; x_wconf 82' lang='lat' dir='ltr'><strong>quum</strong></span> <span class='ocrx_word' id='word_1_128' title='bbox 578 2643 716 2728; x_wconf 76' lang='lat' dir='ltr'><strong>similis,</strong></span> <span class='ocrx_word' id='word_1_129' title='bbox 733 2643 936 2740; x_wconf 72' lang='lat' dir='ltr'><strong>turpissima</strong></span> <span class='ocrx_word' id='word_1_130' title='bbox 952 2643 1067 2728; x_wconf 80' lang='lat' dir='ltr'><strong>bertin,</strong></span> <span class='ocrx_word' id='word_1_131' title='bbox 1085 2640 1237 2724; x_wconf 53' lang='lat' dir='ltr'><strong>umbe:</strong></span> 
     </span>
     <span class='ocr_line' id='line_1_20' title="bbox 235 2761 1338 2855; baseline -0.003 -22"><span class='ocrx_word' id='word_1_132' title='bbox 235 2769 273 2834; x_wconf 90' lang='lat' dir='ltr'><strong>et</strong></span> <span class='ocrx_word' id='word_1_133' title='bbox 295 2769 416 2855; x_wconf 88' lang='lat' dir='ltr'><strong>partus</strong></span> <span class='ocrx_word' id='word_1_134' title='bbox 441 2761 646 2834; x_wconf 82' lang='lat' dir='ltr'><strong>animalium</strong></span> <span class='ocrx_word' id='word_1_135' title='bbox 669 2761 848 2845; x_wconf 86' lang='lat' dir='ltr'><strong>biformes,</strong></span> <span class='ocrx_word' id='word_1_136' title='bbox 867 2769 910 2834; x_wconf 90' lang='lat' dir='ltr'><strong>et</strong></span> <span class='ocrx_word' id='word_1_137' title='bbox 931 2761 1109 2853; x_wconf 78' lang='lat' dir='ltr'><strong>commisti</strong></span> <span class='ocrx_word' id='word_1_138' title='bbox 1134 2784 1181 2834; x_wconf 88' lang='lat' dir='ltr'><strong>ex</strong></span> <span class='ocrx_word' id='word_1_139' title='bbox 1204 2761 1338 2854; x_wconf 88' lang='lat' dir='ltr'><strong>speeie·</strong></span> 
     </span>
     <span class='ocr_line' id='line_1_21' title="bbox 235 2877 701 2962; baseline -0.002 -13"><span class='ocrx_word' id='word_1_140' title='bbox 235 2878 302 2950; x_wconf 91' lang='lat' dir='ltr'><strong>bus</strong></span> <span class='ocrx_word' id='word_1_141' title='bbox 318 2878 482 2962; x_wconf 83' lang='lat' dir='ltr'><strong>diversis;</strong></span> <span class='ocrx_word' id='word_1_142' title='bbox 508 2886 546 2949; x_wconf 91' lang='lat' dir='ltr'><strong>et</strong></span> <span class='ocrx_word' id='word_1_143' title='bbox 563 2877 701 2950; x_wconf 87' lang='lat' dir='ltr'><strong>similia.</strong></span> 
     </span>
    </p>
   </div>
   <div class='ocr_carea' id='block_1_5' title="bbox 285 3051 1337 3251">
    <p class='ocr_par' dir='ltr' id='par_1_6' title="bbox 285 3051 1337 3251">
     <span class='ocr_line' id='line_1_22' title="bbox 285 3051 1337 3251; baseline -0.001 -28"><span class='ocrx_word' id='word_1_144' title='bbox 285 3152 388 3225; x_wconf 87' lang='lat' dir='ltr'><strong>Inter</strong></span> <span class='ocrx_word' id='word_1_145' title='bbox 414 3153 668 3251; x_wconf 72' lang='lat' dir='ltr'><strong>preropativos</strong></span> <span class='ocrx_word' id='word_1_146' title='bbox 703 3051 952 3223; x_wconf 41' lang='lat' dir='ltr'><strong>ibgsjtbbgtibrum</strong></span> <span class='ocrx_word' id='word_1_147' title='bbox 990 3173 1163 3244; x_wconf 88' lang='lat' dir='ltr'><strong>ponemus</strong></span> <span class='ocrx_word' id='word_1_148' title='bbox 1197 3149 1337 3222; x_wconf 87' lang='lat' dir='ltr'><strong>decimo</strong></span> 
     </span>
    </p>
   </div>
   <div class='ocr_carea' id='block_1_6' title="bbox 234 3265 1339 3592">
    <p class='ocr_par' dir='ltr' id='par_1_7' title="bbox 234 3265 1339 3592">
     <span class='ocr_line' id='line_1_23' title="bbox 234 3265 1339 3365; baseline -0.004 -25"><span class='ocrx_word' id='word_1_149' title='bbox 234 3269 313 3341; x_wconf 89' lang='lat' dir='ltr'><strong>loco</strong></span> <span class='ocrx_word' id='word_1_150' title='bbox 343 3271 528 3342; x_wconf 77' lang='lat' dir='ltr'><strong>instantius</strong></span> <span class='ocrx_word' id='word_1_151' title='bbox 556 3268 741 3365; x_wconf 78' lang='lat' dir='ltr'><strong>potestatis,</strong></span> <span class='ocrx_word' id='word_1_152' title='bbox 766 3269 839 3340; x_wconf 84' lang='lat' dir='ltr'><strong>sive</strong></span> <span class='ocrx_word' id='word_1_153' title='bbox 852 3265 1025 3360; x_wconf 82' lang='lat' dir='ltr'><strong>fascium,</strong></span> <span class='ocrx_word' id='word_1_154' title='bbox 1053 3270 1210 3363; x_wconf 87' lang='lat' dir='ltr'><strong>(sumpto</strong></span> <span class='ocrx_word' id='word_1_155' title='bbox 1236 3287 1339 3338; x_wconf 87' lang='lat' dir='ltr'><strong>voca-</strong></span> 
     </span>
     <span class='ocr_line' id='line_1_24' title="bbox 235 3381 1338 3482; baseline -0.004 -25"><span class='ocrx_word' id='word_1_156' title='bbox 235 3385 320 3457; x_wconf 92' lang='lat' dir='ltr'><strong>bulo</strong></span> <span class='ocrx_word' id='word_1_157' title='bbox 346 3386 392 3457; x_wconf 91' lang='lat' dir='ltr'><strong>ab</strong></span> <span class='ocrx_word' id='word_1_158' title='bbox 416 3385 613 3480; x_wconf 79' lang='lat' dir='ltr'><strong>insignibus</strong></span> <span class='ocrx_word' id='word_1_159' title='bbox 638 3384 778 3478; x_wconf 88' lang='lat' dir='ltr'><strong>imperii</strong></span> <span class='ocrx_word' id='word_1_160' title='bbox 791 3381 816 3474; x_wconf 86' lang='grc'><strong>;)</strong></span> <span class='ocrx_word' id='word_1_161' title='bbox 843 3407 930 3477; x_wconf 85' lang='lat' dir='ltr'><strong>quas</strong></span> <span class='ocrx_word' id='word_1_162' title='bbox 956 3386 1066 3456; x_wconf 85' lang='lat' dir='ltr'><strong>etiam</strong></span> <span class='ocrx_word' id='word_1_163' title='bbox 1089 3381 1241 3482; x_wconf 70' lang='lat' dir='ltr'><strong>inpunita,</strong></span> <span class='ocrx_word' id='word_1_164' title='bbox 1264 3381 1338 3453; x_wconf 83' lang='lat' dir='ltr'><strong>sive</strong></span> 
     </span>
     <span class='ocr_line' id='line_1_25' title="bbox 236 3495 1339 3592; baseline -0.006 -20"><span class='ocrx_word' id='word_1_165' title='bbox 236 3525 357 3572; x_wconf 77' lang='lat' dir='ltr'><strong>manua</strong></span> <span class='ocrx_word' id='word_1_166' title='bbox 390 3498 551 3584; x_wconf 78' lang='lat' dir='ltr'><strong>dominis,</strong></span> <span class='ocrx_word' id='word_1_167' title='bbox 586 3497 765 3592; x_wconf 81' lang='lat' dir='ltr'><strong>appellare</strong></span> <span class='ocrx_word' id='word_1_168' title='bbox 798 3497 1045 3571; x_wconf 87' lang='lat' dir='ltr'><strong>consuevimus</strong></span> <span class='ocrx_word' id='word_1_169' title='bbox 1054 3495 1093 3568; x_wconf 80' lang='lat'><strong>⁸⁰.</strong></span> <span class='ocrx_word' id='word_1_170' title='bbox 1160 3497 1222 3568; x_wconf 79' lang='lat' dir='ltr'><strong>Eae</strong></span> <span class='ocrx_word' id='word_1_171' title='bbox 1255 3503 1339 3568; x_wconf 89' lang='lat' dir='ltr'><strong>sunt</strong></span> 
     </span>
    </p>
   </div>
   <div class='ocr_carea' id='block_1_7' title="bbox 232 3698 1343 4484">
    <p class='ocr_par' dir='ltr' id='par_1_8' title="bbox 232 3698 1343 4484">
     <span class='ocr_line' id='line_1_26' title="bbox 269 3698 1338 3775; baseline -0.006 -16"><span class='ocrx_word' id='word_1_172' title='bbox 269 3703 295 3745; x_wconf 77' lang='lat'><strong>⁷³</strong></span> <span class='ocrx_word' id='word_1_173' title='bbox 311 3703 399 3759; x_wconf 66' lang='lat' dir='ltr'><strong>‘l&#39;nme</strong></span> <span class='ocrx_word' id='word_1_174' title='bbox 423 3703 552 3775; x_wconf 77' lang='lat' dir='ltr'><strong>Limiting</strong></span> <span class='ocrx_word' id='word_1_175' title='bbox 572 3703 710 3758; x_wconf 65' lang='lat' dir='ltr'><strong>ineuntes</strong></span> <span class='ocrx_word' id='word_1_176' title='bbox 734 3719 765 3756; x_wconf 88' lang='lat' dir='ltr'><strong>or</strong></span> <span class='ocrx_word' id='word_1_177' title='bbox 805 3705 824 3733; x_wconf 80' lang='lat'><strong>‘⁴</strong></span> <span class='ocrx_word' id='word_1_178' title='bbox 836 3700 905 3756; x_wconf 85' lang='lat' dir='ltr'><strong>inter</strong></span> <span class='ocrx_word' id='word_1_179' title='bbox 934 3701 1104 3772; x_wconf 86' lang='lat' dir='ltr'><strong>putredinem</strong></span> <span class='ocrx_word' id='word_1_180' title='bbox 1131 3709 1158 3756; x_wconf 89' lang='lat' dir='ltr'><strong>et</strong></span> <span class='ocrx_word' id='word_1_181' title='bbox 1188 3698 1338 3771; x_wconf 80' lang='lat' dir='ltr'><strong>plantam.&#39;’</strong></span> 
     </span>
     <span class='ocr_line' id='line_1_27' title="bbox 235 3773 1340 3854; baseline -0.009 -15"><span class='ocrx_word' id='word_1_182' title='bbox 235 3783 428 3854; x_wconf 68' lang='lat' dir='ltr'><strong>‘&#39;participia&#39;&#39;</strong></span> <span class='ocrx_word' id='word_1_183' title='bbox 441 3783 502 3852; x_wconf 82' lang='lat' dir='ltr'><strong>(ie.</strong></span> <span class='ocrx_word' id='word_1_184' title='bbox 514 3781 653 3854; x_wconf 80' lang='lat' dir='ltr'><strong>partakere</strong></span> <span class='ocrx_word' id='word_1_185' title='bbox 668 3781 699 3836; x_wconf 81' lang='lat' dir='ltr'><strong>oi</strong></span> <span class='ocrx_word' id='word_1_186' title='bbox 711 3789 764 3835; x_wconf 83' lang='lat' dir='ltr'><strong>two</strong></span> <span class='ocrx_word' id='word_1_187' title='bbox 806 3778 887 3835; x_wconf 88' lang='lat' dir='ltr'><strong>Some</strong></span> <span class='ocrx_word' id='word_1_188' title='bbox 916 3778 947 3834; x_wconf 84' lang='lat' dir='ltr'><strong>oi</strong></span> <span class='ocrx_word' id='word_1_189' title='bbox 973 3778 1019 3834; x_wconf 87' lang='lat' dir='ltr'><strong>the</strong></span> <span class='ocrx_word' id='word_1_190' title='bbox 1046 3776 1210 3849; x_wconf 81' lang='lat' dir='ltr'><strong>Zoophytes,</strong></span> <span class='ocrx_word' id='word_1_191' title='bbox 1234 3793 1265 3830; x_wconf 85' lang='lat' dir='ltr'><strong>or</strong></span> <span class='ocrx_word' id='word_1_192' title='bbox 1294 3773 1340 3830; x_wconf 85' lang='lat' dir='ltr'><strong>the</strong></span> 
     </span>
     <span class='ocr_line' id='line_1_28' title="bbox 233 3853 1340 3932; baseline -0.008 -15"><span class='ocrx_word' id='word_1_193' title='bbox 233 3879 265 3916; x_wconf 81' lang='lat' dir='ltr'><strong>or</strong></span> <span class='ocrx_word' id='word_1_194' title='bbox 288 3878 362 3916; x_wconf 88' lang='lat' dir='ltr'><strong>more</strong></span> <span class='ocrx_word' id='word_1_195' title='bbox 384 3861 474 3925; x_wconf 82' lang='lat' dir='ltr'><strong>kinds,</strong></span> <span class='ocrx_word' id='word_1_196' title='bbox 494 3860 555 3932; x_wconf 82' lang='lat' dir='ltr'><strong>just</strong></span> <span class='ocrx_word' id='word_1_197' title='bbox 577 3878 607 3914; x_wconf 83' lang='lat' dir='ltr'><strong>aa</strong></span> <span class='ocrx_word' id='word_1_198' title='bbox 630 3858 677 3914; x_wconf 84' lang='lat' dir='ltr'><strong>the</strong></span> <span class='ocrx_word' id='word_1_199' title='bbox 701 3859 764 3914; x_wconf 78' lang='lat' dir='ltr'><strong>Par-</strong></span> <span class='ocrx_word' id='word_1_200' title='bbox 807 3855 1041 3930; x_wconf 81' lang='lat' dir='ltr'><strong>Ornithorhynrue</strong></span> <span class='ocrx_word' id='word_1_201' title='bbox 1068 3856 1223 3912; x_wconf 82' lang='lat' dir='ltr'><strong>Paradoxus</strong></span> <span class='ocrx_word' id='word_1_202' title='bbox 1249 3853 1340 3909; x_wconf 83' lang='lat' dir='ltr'><strong>would</strong></span> 
     </span>
     <span class='ocr_line' id='line_1_29' title="bbox 233 3930 1340 4010; baseline -0.01 -15"><span class='ocrx_word' id='word_1_203' title='bbox 233 3940 321 4010; x_wconf 85' lang='lat' dir='ltr'><strong>ticiple</strong></span> <span class='ocrx_word' id='word_1_204' title='bbox 339 3941 368 3994; x_wconf 94' lang='lat' dir='ltr'><strong>in</strong></span> <span class='ocrx_word' id='word_1_205' title='bbox 388 3940 529 3996; x_wconf 82' lang='lat' dir='ltr'><strong>Grnmmar</strong></span> <span class='ocrx_word' id='word_1_206' title='bbox 549 3939 716 4010; x_wconf 84' lang='lat' dir='ltr'><strong>participates</strong></span> <span class='ocrx_word' id='word_1_207' title='bbox 736 3937 765 3992; x_wconf 88' lang='lat' dir='ltr'><strong>in</strong></span> <span class='ocrx_word' id='word_1_208' title='bbox 805 3934 839 3990; x_wconf 92' lang='lat' dir='ltr'><strong>be</strong></span> <span class='ocrx_word' id='word_1_209' title='bbox 859 3935 944 3990; x_wconf 84' lang='lat' dir='ltr'><strong>better</strong></span> <span class='ocrx_word' id='word_1_210' title='bbox 964 3935 1108 4004; x_wconf 71' lang='lat' dir='ltr'><strong>exemplet.</strong></span> <span class='ocrx_word' id='word_1_211' title='bbox 1147 3930 1258 3986; x_wconf 86' lang='lat' dir='ltr'><strong>Neither</strong></span> <span class='ocrx_word' id='word_1_212' title='bbox 1279 3930 1340 4001; x_wconf 74' lang='lat' dir='ltr'><strong>ny·</strong></span> 
     </span>
     <span class='ocr_line' id='line_1_30' title="bbox 233 4009 1340 4086; baseline -0.009 -12"><span class='ocrx_word' id='word_1_213' title='bbox 233 4017 280 4074; x_wconf 84' lang='lat' dir='ltr'><strong>the</strong></span> <span class='ocrx_word' id='word_1_214' title='bbox 297 4027 391 4076; x_wconf 83' lang='lat' dir='ltr'><strong>nature</strong></span> <span class='ocrx_word' id='word_1_215' title='bbox 406 4017 519 4074; x_wconf 85' lang='lat' dir='ltr'><strong>oiVerb</strong></span> <span class='ocrx_word' id='word_1_216' title='bbox 535 4016 588 4072; x_wconf 81' lang='lat' dir='ltr'><strong>end</strong></span> <span class='ocrx_word' id='word_1_217' title='bbox 601 4017 706 4084; x_wconf 90' lang='lat' dir='ltr'><strong>Noun‚)</strong></span> <span class='ocrx_word' id='word_1_218' title='bbox 719 4033 765 4071; x_wconf 86' lang='lat' dir='ltr'><strong>ex·</strong></span> <span class='ocrx_word' id='word_1_219' title='bbox 806 4013 919 4086; x_wconf 76' lang='lat' dir='ltr'><strong>ing-fieb</strong></span> <span class='ocrx_word' id='word_1_220' title='bbox 942 4029 993 4069; x_wconf 83' lang='lat' dir='ltr'><strong>nor</strong></span> <span class='ocrx_word' id='word_1_221' title='bbox 1017 4013 1083 4067; x_wconf 84' lang='lat' dir='ltr'><strong>Bata</strong></span> <span class='ocrx_word' id='word_1_222' title='bbox 1106 4029 1152 4067; x_wconf 78' lang='lat' dir='ltr'><strong>are</strong></span> <span class='ocrx_word' id='word_1_223' title='bbox 1175 4009 1340 4080; x_wconf 59' lang='lat' dir='ltr'><strong>“limitinff</strong></span> 
     </span>
     <span class='ocr_line' id='line_1_31' title="bbox 232 4087 1340 4161; baseline -0.009 -9"><span class='ocrx_word' id='word_1_224' title='bbox 232 4096 302 4152; x_wconf 87' lang='lat' dir='ltr'><strong>bibit</strong></span> <span class='ocrx_word' id='word_1_225' title='bbox 319 4115 336 4152; x_wconf 81' lang='lat' dir='ltr'><strong>s</strong></span> <span class='ocrx_word' id='word_1_226' title='bbox 352 4097 533 4154; x_wconf 82' lang='lat' dir='ltr'><strong>combination</strong></span> <span class='ocrx_word' id='word_1_227' title='bbox 554 4096 585 4152; x_wconf 81' lang='lat' dir='ltr'><strong>oi</strong></span> <span class='ocrx_word' id='word_1_228' title='bbox 602 4104 656 4150; x_wconf 92' lang='lat' dir='ltr'><strong>two</strong></span> <span class='ocrx_word' id='word_1_229' title='bbox 674 4094 765 4161; x_wconf 86' lang='lat' dir='ltr'><strong>kinds,</strong></span> <span class='ocrx_word' id='word_1_230' title='bbox 805 4093 925 4148; x_wconf 80' lang='lat' dir='ltr'><strong>between</strong></span> <span class='ocrx_word' id='word_1_231' title='bbox 945 4101 999 4147; x_wconf 92' lang='lat' dir='ltr'><strong>two</strong></span> <span class='ocrx_word' id='word_1_232' title='bbox 1023 4089 1114 4156; x_wconf 84' lang='lat' dir='ltr'><strong>kinds,</strong></span> <span class='ocrx_word' id='word_1_233' title='bbox 1134 4087 1274 4160; x_wconf 81' lang='lat' dir='ltr'><strong>exceptio</strong></span> <span class='ocrx_word' id='word_1_234' title='bbox 1293 4103 1340 4157; x_wconf 80' lang='lat' dir='ltr'><strong>ap·</strong></span> 
     </span>
     <span class='ocr_line' id='line_1_32' title="bbox 233 4172 942 4244; baseline -0.004 -14"><span class='ocrx_word' id='word_1_235' title='bbox 233 4175 288 4230; x_wconf 88' lang='lat' dir='ltr'><strong>and</strong></span> <span class='ocrx_word' id='word_1_236' title='bbox 306 4194 337 4232; x_wconf 79' lang='lat' dir='ltr'><strong>so</strong></span> <span class='ocrx_word' id='word_1_237' title='bbox 356 4193 427 4231; x_wconf 85' lang='lat' dir='ltr'><strong>seem</strong></span> <span class='ocrx_word' id='word_1_238' title='bbox 445 4185 474 4231; x_wconf 90' lang='lat' dir='ltr'><strong>to</strong></span> <span class='ocrx_word' id='word_1_239' title='bbox 493 4174 572 4230; x_wconf 80' lang='lat' dir='ltr'><strong>stand</strong></span> <span class='ocrx_word' id='word_1_240' title='bbox 585 4175 703 4230; x_wconf 79' lang='lat' dir='ltr'><strong>between</strong></span> <span class='ocrx_word' id='word_1_241' title='bbox 720 4172 766 4229; x_wconf 86' lang='lat' dir='ltr'><strong>the</strong></span> <span class='ocrx_word' id='word_1_242' title='bbox 806 4190 942 4244; x_wconf 78' lang='lat' dir='ltr'><strong>pearanoe.</strong></span> 
     </span>
     <span class='ocr_line' id='line_1_33' title="bbox 234 4243 1342 4326; baseline -0.01 -18"><span class='ocrx_word' id='word_1_243' title='bbox 234 4252 362 4326; x_wconf 76' lang='lat' dir='ltr'><strong>Singuar</strong></span> <span class='ocrx_word' id='word_1_244' title='bbox 393 4253 447 4309; x_wconf 85' lang='lat' dir='ltr'><strong>and</strong></span> <span class='ocrx_word' id='word_1_245' title='bbox 476 4253 522 4308; x_wconf 88' lang='lat' dir='ltr'><strong>the</strong></span> <span class='ocrx_word' id='word_1_246' title='bbox 552 4253 696 4324; x_wconf 79' lang='lat' dir='ltr'><strong>Deviating</strong></span> <span class='ocrx_word' id='word_1_247' title='bbox 723 4251 766 4307; x_wconf 90' lang='lat' dir='ltr'><strong>in·</strong></span> <span class='ocrx_word' id='word_1_248' title='bbox 842 4250 951 4306; x_wconf 83' lang='lat' dir='ltr'><strong>7⁹&#39;1&#39;bis</strong></span> <span class='ocrx_word' id='word_1_249' title='bbox 968 4250 1023 4304; x_wconf 87' lang='lat' dir='ltr'><strong>line</strong></span> <span class='ocrx_word' id='word_1_250' title='bbox 1039 4249 1063 4305; x_wconf 86' lang='lat' dir='ltr'><strong>is</strong></span> <span class='ocrx_word' id='word_1_251' title='bbox 1081 4245 1183 4321; x_wconf 85' lang='lat' dir='ltr'><strong>quoted</strong></span> <span class='ocrx_word' id='word_1_252' title='bbox 1199 4245 1268 4299; x_wconf 84' lang='lat' dir='ltr'><strong>irom</strong></span> <span class='ocrx_word' id='word_1_253' title='bbox 1285 4243 1342 4297; x_wconf 81' lang='lat' dir='ltr'><strong>En·</strong></span> 
     </span>
     <span class='ocr_line' id='line_1_34' title="bbox 233 4322 1342 4403; baseline -0.011 -16"><span class='ocrx_word' id='word_1_254' title='bbox 233 4341 348 4389; x_wconf 67' lang='lat' dir='ltr'><strong>maces.</strong></span> <span class='ocrx_word' id='word_1_255' title='bbox 382 4332 499 4388; x_wconf 86' lang='lat' dir='ltr'><strong>Bacon&#39;a</strong></span> <span class='ocrx_word' id='word_1_256' title='bbox 511 4333 645 4403; x_wconf 78' lang='lat' dir='ltr'><strong>exemplos</strong></span> <span class='ocrx_word' id='word_1_257' title='bbox 658 4349 703 4386; x_wconf 86' lang='lat' dir='ltr'><strong>are</strong></span> <span class='ocrx_word' id='word_1_258' title='bbox 718 4339 767 4386; x_wconf 89' lang='lat' dir='ltr'><strong>not</strong></span> <span class='ocrx_word' id='word_1_259' title='bbox 806 4330 1026 4393; x_wconf 83' lang='lat' dir='ltr'><strong>niusinGieero,</strong></span> <span class='ocrx_word' id='word_1_260' title='bbox 1040 4329 1083 4382; x_wconf 84' lang='lat' dir='ltr'><strong>De</strong></span> <span class='ocrx_word' id='word_1_261' title='bbox 1092 4325 1157 4382; x_wconf 87' lang='lat' dir='ltr'><strong>Nat.</strong></span> <span class='ocrx_word' id='word_1_262' title='bbox 1168 4324 1250 4379; x_wconf 90' lang='lat' dir='ltr'><strong>Deor.</strong></span> <span class='ocrx_word' id='word_1_263' title='bbox 1263 4322 1287 4377; x_wconf 94' lang='lat'><strong>1.</strong></span> <span class='ocrx_word' id='word_1_264' title='bbox 1297 4335 1342 4394; x_wconf 80' lang='lat'><strong>35.</strong></span> 
     </span>
     <span class='ocr_line' id='line_1_35' title="bbox 234 4401 1343 4484; baseline -0.011 -17"><span class='ocrx_word' id='word_1_265' title='bbox 234 4411 410 4484; x_wconf 69' lang='lat' dir='ltr'><strong>musiactory.</strong></span> <span class='ocrx_word' id='word_1_266' title='bbox 447 4410 525 4467; x_wconf 83' lang='lat' dir='ltr'><strong>Mose</strong></span> <span class='ocrx_word' id='word_1_267' title='bbox 540 4411 564 4466; x_wconf 82' lang='lat' dir='ltr'><strong>is</strong></span> <span class='ocrx_word' id='word_1_268' title='bbox 576 4409 612 4481; x_wconf 82' lang='lat' dir='ltr'><strong>by</strong></span> <span class='ocrx_word' id='word_1_269' title='bbox 624 4427 660 4466; x_wconf 91' lang='lat' dir='ltr'><strong>no</strong></span> <span class='ocrx_word' id='word_1_270' title='bbox 673 4427 765 4466; x_wconf 85' lang='lat' dir='ltr'><strong>means</strong></span> <span class='ocrx_word' id='word_1_271' title='bbox 842 4407 868 4449; x_wconf 81' lang='lat'><strong>⁸⁰</strong></span> <span class='ocrx_word' id='word_1_272' title='bbox 887 4408 929 4481; x_wconf 84' lang='lat' dir='ltr'><strong>By</strong></span> <span class='ocrx_word' id='word_1_273' title='bbox 941 4408 1081 4464; x_wconf 73' lang='lat' dir='ltr'><strong>iustences</strong></span> <span class='ocrx_word' id='word_1_274' title='bbox 1093 4404 1125 4461; x_wconf 84' lang='lat' dir='ltr'><strong>oi</strong></span> <span class='ocrx_word' id='word_1_275' title='bbox 1135 4401 1236 4466; x_wconf 87' lang='lat' dir='ltr'><strong>Power,</strong></span> <span class='ocrx_word' id='word_1_276' title='bbox 1251 4401 1343 4457; x_wconf 82' lang='lat' dir='ltr'><strong>Baoon</strong></span> 
     </span>
    </p>
   </div>
   <div class='ocr_carea' id='block_1_8' title="bbox 0 0 1646 5146">
    <p class='ocr_par' dir='ltr' id='par_1_9' title="bbox 0 0 1646 5146">
     <span class='ocr_line' id='line_1_36' title="bbox 0 0 1646 5146; baseline 0 0"><span class='ocrx_word' id='word_1_277' title='bbox 0 0 1646 5146; x_wconf 95' lang='lat' dir='ltr'><strong> </strong></span> 
     </span>
    </p>
   </div>
  </div>
 </body>
</html>
