3268 5146
655 334 877 422 n1n.11.35.
1253 335 1318 399 aaa

215 518 288 566 non
322 495 435 588 magis
469 500 640 588 negatum
674 517 751 567 esse
784 496 871 592 igni,
901 496 1078 568 vivificare
1111 495 1316 580 animantia,

215 633 322 702 quam
339 617 519 680 maturare
535 610 760 703 vegetabilia.
811 611 933 684 Etiam
949 613 1136 684 inventum
1152 611 1242 684 illud
1259 635 1318 685 ce-

215 726 314 799 lebre
342 723 584 797 Fracastorii⁹⁷
610 727 656 798 de
681 729 859 823 sartagine
884 731 1014 803 acriter
1038 728 1221 812 calefacta,
1248 753 1318 822 qua

215 843 425 916 circundant
437 842 567 914 modici
586 844 703 937 capita
719 844 1021 938 apoplectioorum
1038 846 1316 938 desperatorum,

217 958 389 1052 expandit
406 959 596 1032 manifeste
619 960 762 1053 spiritus
786 961 967 1044 animales,
985 962 1030 1032 ab
1047 960 1255 1032 humoribus
1280 970 1319 1033 et

217 1072 516 1145 obstinationibus
542 1074 678 1146 cerebri
702 1099 920 1170 compressos
943 1085 981 1148 et
998 1077 1097 1170 quasi
1116 1078 1318 1160 extinctos3

215 1187 366 1280 illosque
382 1187 427 1258 ad
444 1197 584 1262 motum
601 1193 746 1275 excitat,
764 1215 836 1263 non
862 1191 968 1264 aliter
984 1213 1091 1286 quam
1116 1192 1209 1286 ignis
1235 1216 1320 1286 ope·

216 1311 314 1374 ratur
334 1303 372 1372 in
397 1323 525 1396 aquam
551 1313 614 1375 aut
639 1305 779 1391 abrem3
806 1315 845 1378 et
871 1315 992 1378 tamen
1019 1327 1082 1399 per
1098 1327 1318 1400 consequens

216 1417 382 1489 vivificat.
435 1417 555 1489 Etiam
576 1441 642 1490 ova
663 1419 853 1513 aliquando
876 1421 1118 1494 excluduntur
1140 1444 1204 1515 per
1225 1422 1319 1495 calo-

216 1554 292 1604 rem
309 1533 416 1628 ignis;
434 1533 471 1604 id
488 1534 583 1627 quod
600 1559 742 1628 prorsus
759 1538 921 1609 imitatur
936 1536 1090 1609 calorem
1107 1537 1314 1610 animalem:

217 1658 256 1721 st
276 1649 459 1742 complura
483 1650 677 1742 ejusmodi:
704 1661 746 1724 ut
771 1675 878 1724 nemo
899 1653 1064 1725 dubitare
1089 1655 1209 1746 possit,
1230 1657 1317 1747 quin

217 1765 313 1837 calor
328 1766 421 1859 ignis
438 1765 476 1834 in
493 1767 615 1838 multis
636 1767 805 1859 subjectis
828 1769 1023 1842 modificari
1040 1769 1151 1862 possit
1168 1769 1213 1840 ad
1230 1772 1318 1842 ima-

215 1881 337 1976 ginem
354 1880 480 1952 caloris
497 1881 696 1954 ooelestium
714 1893 752 1954 et
768 1884 987 1956 animalium.

259 1995 434 2068 Similiter
449 1997 521 2068 sint
536 2007 671 2070 naturae
686 1999 871 2091 inquisita,
889 2009 1007 2072 motus
1025 2008 1063 2071 et
1081 1997 1222 2093 quiesffi.
1250 1999 1318 2072 Vi-

216 2113 324 2185 detur
340 2135 416 2185 esse
433 2113 558 2184 divisio
576 2113 731 2186 solennis
747 2123 856 2208 atque
872 2137 918 2187 ex
935 2115 1063 2186 intima
1085 2113 1315 2208 philosophia,

216 2229 312 2322 quod
338 2251 484 2332 corpora
509 2230 685 2302 naturalia
710 2231 766 2302 vel
792 2238 924 2316 rotent,
942 2231 999 2304 vel
1024 2231 1184 2304 ferantur
1207 2241 1316 2316 recta,

217 2344 274 2416 vel
292 2353 388 2417 stant
404 2346 479 2418 sive
496 2347 690 2438 quiescant.
736 2343 816 2419 Aut
831 2348 927 2419 enim
945 2355 1000 2418 est
1017 2355 1135 2418 motus
1152 2348 1229 2419 sine
1246 2356 1317 2420 ter·

217 2461 323 2544 mino,
341 2469 404 2532 aut
421 2463 527 2534 statio
545 2464 582 2532 in
600 2463 763 2547 termino,
780 2472 844 2535 aut
859 2463 946 2535 latio
962 2463 1008 2536 ad
1026 2463 1230 2535 terminum.
1260 2463 1315 2536 At

218 2585 336 2650 motus
361 2577 422 2648 ille
446 2579 610 2670 perennis
635 2580 830 2664 rotationis,
853 2581 1092 2652 videturesse
1115 2579 1314 2651 coelestium

217 2694 403 2787 proprius;
434 2695 550 2778 statio,
577 2695 650 2766 sive
675 2696 786 2788 quies,
814 2696 955 2768 videtur
979 2703 1184 2789 competere
1208 2695 1316 2790 globo

216 2810 283 2902 ipsi
309 2819 432 2881 terrm:
457 2817 496 2881 at
521 2832 666 2904 corpora
690 2821 818 2884 oaetera
844 2811 978 2906 (gravia
1003 2834 1086 2903 quae
1113 2819 1250 2894 vocant,
1279 2819 1319 2882 et

217 2925 328 3016 levia)
365 2935 468 2997 extra
505 2927 583 2995 loca
620 2923 754 2997 scilicet
788 2926 1097 2997 connaturalitatis
1132 2947 1204 2996 suoe
1238 2926 1318 3010 sita,

218 3042 382 3114 feruntur
397 3049 495 3114 recta
511 3041 556 3112 ad
572 3063 704 3112 massas
726 3042 801 3112 sive
819 3041 1113 3135 congregationes
1130 3039 1316 3126 similium3

218 3157 310 3230 levia
336 3179 484 3239 sursum,
513 3179 632 3228 versus
659 3156 833 3227 ambitum
864 3155 966 3240 cocli;
992 3156 1114 3249 gravia
1141 3153 1316 3240 deorsum,

216 3285 338 3347 versus
354 3283 496 3347 terram.
546 3270 671 3364 Atque
688 3272 755 3342 ista
773 3270 920 3364 pulchra
937 3269 1036 3340 dictu
1054 3276 1151 3341 sunt.

269 3390 323 3462 At
340 3388 508 3462 taumatia
519 3386 671 3484 secde-is
696 3396 752 3459 est
776 3397 917 3459 cometa
941 3386 1069 3479 aliquis
1095 3383 1318 3471 humilior⁹⁹;

252 3575 278 3617 ⁹⁷
295 3576 487 3641 Fracustoriut,
506 3573 540 3631 cl.
561 3574 623 3630 inlr.
645 3573 682 3628 11.
701 3571 746 3646 36.
788 3573 910 3645 Kepler's
935 3571 1012 3628 Inws
1041 3569 1096 3626 had
1124 3569 1234 3628 become
1259 3573 1319 3627 well

217 3673 277 3711 caso
294 3653 321 3709 ⁶.
362 3653 498 3710 Girolamo
519 3653 673 3709 Fracastoro
693 3669 747 3707 was
785 3649 1029 3716 knowmilindeed
1040 3649 1075 3704 hc
1085 3647 1203 3706 behaved
1215 3649 1245 3704 lt.

216 3733 287 3789 born
305 3742 334 3789 at
345 3732 452 3788 Verona
470 3732 498 3787 in
517 3731 593 3802 1483.
631 3731 675 3788 lle
693 3748 748 3786 was
823 3729 848 3770 Β
866 3729 975 3785 Cometa
989 3746 1033 3784 ara
1045 3727 1162 3800 (though
1174 3728 1262 3784 notin
1274 3727 1320 3784 the

216 3829 234 3866 a
247 3809 442 3882 dishngtushed
455 3809 639 3881 Philosophus,
652 3810 748 3865 Astro-
788 3826 846 3881 way
862 3809 892 3863 in
908 3807 996 3864 which
1015 3807 1107 3862 Bncon
1125 3805 1254 3878 thought)
1273 3824 1319 3861 ex·

215 3907 319 3954 umet,
344 3887 494 3960 Physician,
518 3887 572 3943 and
596 3887 671 3954 Post,
695 3886 749 3942 and
789 3889 884 3944 collant
903 3887 1037 3958 exemplos
1058 3885 1089 3942 ol
1105 3884 1152 3940 tha
1170 3883 1238 3940 lust.
1259 3885 1319 3941 Fos-

218 3975 301 4022 wrote
318 3983 355 4022 on
374 3966 420 4022 the
439 3966 554 4022 Morbus
571 3965 748 4030 Gallicanon
789 3966 868 4021 deria.
905 3965 958 4020 For
972 3965 1041 4020 their
1059 3963 1214 4036 apparently
1225 3963 1319 4018 matie

218 4044 412 4118 “sympathia
443 4054 470 4100 ct
501 4045 682 4116 Anhpathia¹'
712 4063 748 4101 on
788 4044 873 4100 orbita
886 4043 1060 4114 anomallyas
1072 4041 1173 4113 strictly
1183 4039 1320 4112 subjectetl

218 4128 238 4154 ‘⁴
251 4123 402 4196 Contegiou
423 4122 477 4179 and
498 4121 663 4196 Gonngious
682 4123 747 4180 Dia·
788 4133 817 4179 to
829 4122 874 4178 the
886 4122 963 4178 lawe
975 4121 1004 4176 ol
1016 4120 1127 4192 Gravity
1138 4137 1167 4174 aa
1179 4135 1232 4190 any
1242 4115 1320 4172 other

217 4203 321 4258 casses!⁸
358 4201 428 4257 Diod
440 4202 468 4256 in
483 4215 559 4274 1553.
788 4202 882 4258 orbito.
919 4200 977 4256 But
988 4199 1019 4255 ol
1030 4215 1124 4254 course
1136 4197 1320 4252 thitwasuu·

253 4279 280 4320 ⁹⁸
298 4279 367 4335 Itis
390 4279 556 4352 melancholy
577 4281 636 4336 that
657 4280 748 4336 Bncon
788 4280 929 4336 knownin
942 4275 1130 4350 Racon’aday.

218 4358 316 4414 should
337 4357 404 4414 have
423 4359 525 4414 written
550 4360 585 4414 all
606 4357 659 4414 this
682 4359 750 4414 aller
