3222 5148
603 338 691 404 12113.
715 337 743 404 l.
761 359 833 426 109.
1205 336 1268 401 105

168 503 340 588 fuissent3
366 525 490 575 verum
516 502 561 574 de
586 504 715 576 vermis
738 501 858 597 pusilli
884 510 1037 586 textura,
1055 523 1169 596 eaque
1194 509 1269 574 tam

168 620 320 713 copiosa,
331 628 632 704 etserenovante,
643 630 681 692 et
693 621 938 702 anniversaria,
950 619 1001 691 nil
1012 618 1163 690 fuissent
1172 625 1270 690 certe

169 735 417 808 commenturi.
468 734 574 819 Quod
603 736 739 828 siquis
769 737 879 808 etiarn
909 737 955 806 de
981 735 1092 805 vermi
1122 733 1270 806 verbum

169 851 312 945 aliquod
331 851 519 943 injecisset
537 851 691 922 ludibrio
714 859 813 925 certe
835 852 974 923 futurus
997 849 1132 933 fuisset,
1150 850 1269 943 utqui

169 990 280 1039 novas
296 989 504 1040 aranearum
521 989 643 1062 operas
660 970 861 1040 somniaret.

221 1081 406 1167 Similiter,
427 1084 456 1154 si
480 1092 565 1155 anta
590 1085 834 1156 inventionem
859 1107 944 1156 acus
968 1079 1160 1165 nauticeh,
1178 1082 1272 1174 quis·

170 1198 269 1292 piam
297 1196 502 1290 hujusmodi
530 1221 730 1270 sermonem
756 1199 953 1284 intulisset;
979 1200 1167 1271 inventum
1196 1219 1273 1268 ease

171 1314 355 1409 quoddam
380 1315 668 1399 instrumentum,
686 1337 751 1409 per
774 1317 869 1408 quod
895 1315 1053 1388 cardines
1077 1324 1117 1387 et
1140 1321 1274 1408 puncta

171 1427 251 1501 eceli
281 1436 408 1500 exacte
435 1428 513 1522 capi
539 1437 578 1500 et
603 1430 762 1524 dignosci
784 1430 941 1523 possint;
966 1429 1128 1501 homiues
1150 1429 1273 1500 statim

172 1543 220 1614 de
245 1542 359 1638 magia
385 1544 561 1635 exquisita
577 1543 809 1617 fabricatione
832 1545 1147 1617 instrumentorum
1163 1551 1276 1614 astro-

172 1660 396 1730 nomicorum
420 1658 467 1729 ad
488 1659 604 1730 multa
620 1669 658 1730 et
676 1661 779 1743 varia,
796 1682 861 1753 per
879 1661 1110 1756 agitationem
1127 1659 1276 1754 phanta-

174 1776 245 1858 siae,
281 1774 468 1846 discursuri
503 1774 674 1847 finissent:
713 1776 808 1869 quod
842 1798 926 1848 vcro
959 1775 1093 1870 aliquid
1125 1774 1275 1847 inveniri

174 1891 300 1985 possit,
317 1890 417 1983 cujus
444 1898 563 1961 motus
590 1913 673 1962 cum
700 1888 902 1962 coeleetibus
928 1898 1001 1962 tam
1031 1891 1124 1962 hene
1150 1913 1278 1962 conve·

175 2003 316 2089 niretffi,
334 2013 440 2100 atque
456 2008 571 2100 ipsum
590 2014 710 2078 tamma
728 2028 774 2078 ex
791 2006 995 2079 coelestibus
1010 2029 1082 2078 non
1099 2015 1202 2090 esset,
1214 2005 1278 2078 sed

176 2130 321 2194 tantum
346 2121 541 2194 substantia
566 2121 717 2214 lapidea,
742 2135 807 2192 aut
831 2121 1028 2204 metallica;
1055 2123 1199 2192 omnino
1225 2123 1279 2192 in·

175 2235 349 2310 credibile
366 2237 481 2307 visum
498 2236 632 2308 fuisset.
683 2233 809 2328 Atque
834 2235 909 2307 haec
934 2245 1066 2320 tamen,
1084 2246 1123 2308 et
1139 2236 1278 2320 similia,

177 2377 244 2448 per
260 2360 317 2424 tot
333 2353 459 2423 mundi
476 2360 608 2436 aetates,
619 2351 781 2424 homines
798 2352 991 2435 latuerunt,
1003 2376 1070 2424 nco
1087 2376 1151 2447 per
1168 2352 1281 2446 philo-

177 2467 351 2562 sophiam,
375 2477 441 2538 aut
466 2476 560 2540 artes
587 2468 776 2540 rationales
802 2469 949 2539 inventa
974 2477 1067 2554 sunt,
1096 2470 1158 2541 sed
1186 2491 1279 2553 casu,

179 2594 219 2658 et
235 2607 300 2678 per
317 2585 557 2668 occasionem
583 2592 736 2677 suntque
756 2584 852 2656 illius
869 2583 924 2672 (ut
942 2585 1111 2680 diximus)
1128 2587 1279 2682 generis,

179 2709 224 2771 nt
240 2699 285 2771 ab
303 2700 356 2782 iis,
375 2721 452 2792 que
468 2707 574 2770 antea
590 2701 733 2794 cognita
749 2700 905 2784 fuerunt,
922 2700 1029 2795 plane
1045 2700 1282 2797 heterogenea

180 2825 220 2888 et
240 2815 477 2888 remotissima
494 2815 576 2899 sint,
594 2823 636 2886 nt
653 2818 823 2908 praenotio
839 2816 959 2911 aliqua
975 2817 1062 2888 nihil
1081 2841 1220 2912 prorsus
1237 2816 1283 2889 ad

180 2931 244 3004 illa
260 2929 458 3002 conducere
475 2931 658 3024 potuisset.

233 3044 362 3136 Itaque
388 3043 602 3136 sperandum
630 3044 775 3116 omnino
803 3052 857 3116 est
865 3041 905 3129 ³⁷,
922 3067 999 3117 ease
1018 3044 1136 3116 adbuc
1160 3044 1200 3114 in
1222 3065 1286 3114 na-

181 3173 271 3234 turae
288 3163 368 3234 sinu
385 3160 501 3232 multa
517 3159 727 3234 excellentia
743 3183 827 3234 usus
844 3162 1036 3247 recondita,
1054 3185 1132 3255 quae
1148 3160 1285 3232 nullam

182 3301 266 3350 cum
285 3278 363 3371 jam
388 3278 542 3348 inventis
567 3278 817 3372 cognationem
842 3277 986 3364 habent,
1006 3286 1070 3348 aut
1095 3275 1287 3370 parallelis-

183 3417 307 3476 mum;
335 3393 397 3466 sed
415 3394 560 3464 omnino
577 3395 645 3465 sita
661 3403 746 3466 sunt
762 3401 864 3464 extra
880 3395 953 3464 vias
970 3393 1183 3488 phantasiae;
1207 3414 1285 3485 quae

183 3521 306 3584 tamen
328 3510 446 3582 adhuc
467 3509 614 3582 inventa
638 3533 711 3581 non
736 3519 839 3594 sunt;
865 3534 942 3604 quae
965 3509 1197 3603 proculdubio
1223 3532 1286 3603 per

183 3627 319 3698 multos
339 3624 546 3697 saeculorum
564 3625 730 3697 circuitus
748 3636 786 3697 et
802 3626 968 3722 ambages
985 3627 1114 3720 etipsa
1131 3625 1288 3719 quando-

219 3810 246 3850 θ’
263 3809 324 3865 Tha
335 3809 473 3882 Magnetic
490 3809 583 3866 noodla
600 3809 654 3865 and
672 3809 718 3866 the
759 3827 789 3866 aa
801 3809 900 3877 Stcarn,
912 3811 1066 3884 Electricity
1077 3811 1142 3882 (aud
1154 3811 1200 3867 tha
1212 3812 1289 3868 Eloc-

186 3889 478 3960 Marinafsccmpass.
758 3890 809 3945 tric
820 3889 977 3962 Telegraph
991 3890 1160 3946 whiehiaan
1174 3893 1289 3963 appHca·

220 3965 247 4006 ³⁶
259 3967 333 4022 Hera
353 3967 376 4022 ia
395 3983 447 4022 one
464 3967 495 4022 oi
512 3965 627 4022 Bacon’s
645 3967 719 4022 weak
759 3968 837 4038 tion),
856 3968 902 4024 the
923 3969 1123 4035 chronomctar,
1139 3969 1189 4026 dcc.
1226 3968 1290 4024 And

185 4045 284 4119 points.
322 4044 348 4100 12
368 4043 422 4100 bad
443 4044 511 4100 hoen
530 4047 589 4101 well
607 4044 661 4100 had
685 4046 719 4101 bc
760 4064 804 4102 ura
827 4045 901 4102 there
924 4057 972 4104 not
995 4065 1076 4120 many
1093 4065 1168 4104 more
1190 4047 1291 4103 hidden

186 4121 313 4196 dupised
331 4122 436 4179 Gilbert
458 4124 561 4179 alittla
581 4125 643 4188 loss,
665 4123 720 4178 aad
751 4123 824 4197 'gilla
845 4126 876 4182 ol
894 4125 997 4182 Natura
1015 4126 1103 4182 which
1123 4144 1185 4199 may
1201 4127 1292 4181 before

186 4200 295 4258 lmrncd
306 4219 323 4256 a
334 4202 402 4257 little
413 4217 487 4256 more
499 4202 569 4257 from
580 4201 645 4257 him.
761 4205 826 4276 long
843 4205 877 4260 he
894 4205 1014 4278 brought
1031 4213 1080 4262 out
1093 4205 1136 4261 ior
1146 4204 1192 4260 tho
1203 4221 1252 4260 uso
1263 4203 1295 4258 of

222 4279 249 4321 ⁸7
268 4279 336 4335 'l'his
359 4279 429 4352 hope
452 4279 501 4336 has
524 4280 592 4336 heau
615 4281 721 4353 already
760 4286 842 4338 man?

189 4360 281 4430 umply
297 4358 409 4415 iulfilled
428 4359 456 4414 in
476 4357 543 4415 auch
562 4358 720 4416 diacoveriea
