3268 5146
620 329 709 398 nin.
726 331 772 397 11.
788 335 840 418 3⁶.
1219 337 1283 398 aas

182 495 304 568 ονιισὶι.
357 495 528 567 Sumatur
552 496 773 591 horologium
787 495 814 543 ¹⁴
839 521 886 569 ex
912 499 964 579 iis,
991 520 1070 590 qum
1094 505 1283 568 moventur

180 635 246 706 per
269 612 426 706 pondera
452 610 642 705 plumbsa;
667 621 706 684 et
732 613 829 684 aliud
853 635 898 684 ex
924 614 977 696 iis,
994 635 1071 705 qnoe
1093 622 1283 684 morentur

180 751 244 822 per
259 729 556 822 compressionem
574 728 714 799 laminae
732 730 881 815 ferreae3
908 738 1017 822 atque
1032 751 1114 801 vere
1130 730 1282 824 proben-

180 853 249 928 tur,
266 867 312 915 ne
335 843 487 915 eltemm
510 845 624 916 altero
641 843 798 916 velocius
817 847 874 928 sit,
891 854 955 916 aut
972 845 1127 929 tardios3
1153 846 1281 917 deinde

179 967 331 1054 ponatur
358 958 583 1053 horologium
611 959 701 1030 illud
736 981 883 1033 movens
908 960 1152 1056 perpendero
1176 983 1282 1056 super

179 1076 360 1171 fastigium
383 1075 532 1170 alicujus
556 1074 680 1169 templi
704 1076 875 1160 altissimi,
892 1076 1005 1147 altero
1027 1075 1091 1146 illo
1113 1077 1204 1148 inira
1220 1079 1281 1148 de-

179 1201 309 1275 tent03
347 1201 386 1263 et
419 1200 565 1263 notetur
595 1192 795 1287 diligenter,
825 1194 854 1263 ai
886 1191 1109 1286 horologium
1140 1193 1175 1263 in
1206 1192 1280 1264 olto

178 1310 287 1381 sitnm
315 1308 451 1379 tardius
478 1317 664 1378 moveatur
693 1331 799 1401 quam
826 1307 972 1390 solebat,
1000 1315 1145 1401 propter
1177 1308 1281 1380 dimi-

178 1433 303 1496 nutam
325 1425 496 1494 virtutem
520 1423 729 1516 pondemm.
780 1423 884 1494 Idem
908 1421 971 1493 fiat
994 1425 1280 1516 experimentum

177 1542 216 1612 in
244 1540 428 1635 profundis
460 1540 673 1611 mineramm
704 1539 776 1612 alte
802 1540 868 1610 sub
894 1548 989 1610 terra
1014 1540 1279 1632 depressarum

178 1662 298 1725 utrum
326 1653 548 1748 horologium
578 1653 781 1747 hujusmodi
808 1677 879 1725 non
908 1663 1095 1726 moveatur
1123 1655 1281 1726 velocius

178 1791 285 1862 quam
326 1769 473 1852 solebat,
506 1779 652 1863 propter
684 1779 825 1843 auctam
859 1773 1030 1841 virtutem
1070 1772 1279 1863 ponderum.

179 1884 284 1968 Quod
307 1885 337 1956 si
361 1885 563 1956 inveniatur
580 1886 691 1956 virtus
715 1885 913 1980 ponderum
937 1887 1050 1956 minui
1067 1887 1104 1955 in
1126 1885 1279 1970 sublimi,

177 2001 359 2094 aggravari
377 2001 414 2071 in
432 2001 692 2081 subterraneis3
719 2001 909 2094 recipiatur
921 2023 984 2094 pro
997 2021 1102 2072 causa
1113 2001 1280 2094 ponderis

178 2117 344 2186 attractio
361 2138 384 2186 a
399 2137 515 2187 massa
532 2137 700 2210 corporea
717 2125 829 2186 terroe.

229 2227 295 2323 (4.)
313 2229 497 2314 Similiter,
511 2232 557 2302 sit
574 2241 703 2302 natura
719 2232 897 2324 inquisita,
914 2231 1094 2303 verticitas
1110 2255 1196 2303 acus
1211 2234 1281 2303 ier-

177 2369 256 2429 reae,
280 2355 385 2418 tectoe
410 2346 629 2442 magnete¹⁵.
681 2345 784 2420 Circe
809 2346 900 2418 hano
925 2358 1085 2418 naturam
1114 2345 1187 2420 tale
1211 2350 1281 2420 crit

178 2461 325 2534 bivium.
377 2461 536 2535 Necesse
565 2472 631 2547 est,
661 2472 703 2535 ut
733 2471 850 2535 tactus
878 2463 1055 2557 magnetis
1080 2463 1138 2535 vel
1167 2487 1214 2535 cx
1242 2487 1280 2536 sa

177 2578 278 2650 indat
303 2579 396 2651 ferro
417 2579 655 2652 verticitatem
681 2582 726 2651 ad
752 2581 1011 2674 septentriones
1036 2588 1074 2651 ct
1099 2588 1279 2664 austrum

178 2693 235 2766 rel
252 2703 295 2766 ut
310 2695 446 2767 excitet
464 2695 597 2766 ferrum
615 2695 864 2766 tantummodo
887 2701 926 2766 et
947 2691 1135 2765 habilitat:
1161 2703 1281 2765 motus

177 2817 299 2882 autem
328 2809 404 2904 ipse
434 2811 578 2881 indatur
606 2834 653 2882 ex
682 2810 1003 2904 praesentialem,
1030 2807 1280 2881 utGilbertus

177 2928 350 3019 opinatur,
368 2934 408 2997 et
424 2935 525 2998 tanto
549 2935 680 2998 conatu
702 2927 852 3020 probare
874 2926 1012 2996 nititur.
1065 2925 1193 3019 Itaque
1210 2925 1281 2996 huo

176 3050 339 3134 spectant
363 3063 416 3126 ea,
444 3064 522 3136 quse
546 3041 608 3113 ille
636 3043 828 3136 perspicaci
855 3041 1029 3112 industria
1055 3042 1279 3134 conquisivit.

177 3157 360 3230 Nimirum
378 3159 474 3253 quod
498 3159 617 3232 olavus
640 3161 784 3243 ferreus,
802 3160 862 3253 qui
889 3159 952 3230 diu
978 3159 1119 3230 duravit
1145 3159 1181 3229 in
1209 3160 1281 3230 situ

176 3297 297 3347 versus
322 3276 580 3369 septentriones
605 3284 644 3347 et
669 3283 838 3357 austmm,
856 3271 1000 3370 colligat
1024 3297 1125 3345 mora
1142 3274 1282 3345 diutina

177 3391 427 3474 vertioitatem,
447 3391 581 3484 absque
607 3399 706 3462 tactu
732 3390 928 3484 magnatis:
955 3392 1051 3462 acsi
1077 3397 1171 3462 terra
1195 3392 1280 3484 ipsa,

176 3529 254 3600 quae
279 3507 326 3579 ob
352 3507 558 3578 distantiam
584 3505 750 3578 debiliter
775 3517 951 3600 operatur,
970 3509 1139 3602 (namque
1161 3529 1282 3602 supcr-

212 3713 236 3754 ¹⁴
248 3713 315 3770 Thia
328 3713 508 3786 examplawill
519 3722 567 3770 not
579 3713 623 3770 do.
649 3713 707 3769 'l'ha
748 3713 836 3770 which
851 3713 942 3770 before
957 3713 1086 3771 attracted
1104 3712 1280 3780 dowuwards,

176 3798 195 3824 ‘⁸
206 3791 414 3866 Horologium,”
427 3809 458 3848 or
470 3792 605 3864 fly·cloclr,
617 3790 707 3848 would
748 3793 800 3849 and
814 3811 875 3848 now
887 3793 1020 3864 upwards.

174 3879 218 3925 act
229 3871 288 3926 well
300 3869 408 3942 enough
419 3889 488 3926 vars
504 3870 549 3925 tha
565 3871 641 3927 earth
653 3881 707 3926 sta·
786 3869 809 3910 ¹⁶
824 3871 884 3926 'l'hc
909 3870 1026 3942 Polarity
1049 3869 1079 3926 ol
1100 3871 1146 3926 tha
1170 3869 1281 3926 Ncedle.

174 3949 289 4021 tionary,
310 3947 364 4004 sud
386 3967 454 4004 vars
472 3948 548 4006 there
569 3967 607 4004 no
631 3948 708 4004 other
747 3949 814 4006 'Ibis
827 3949 1127 4022 sectionisingenioua.
1155 3948 1206 4004 We
1218 3949 1282 4004 herc

176 4027 261 4082 active
285 4027 365 4083 iorcs.
402 4025 521 4093 Besidea,
539 4026 585 4083 tha
602 4031 707 4099 gravity
748 4037 818 4084 mest
838 4027 942 4084 Gilbcrt
966 4029 1054 4099 again.
1093 4027 1119 4083 lt
1142 4045 1196 4082 was
1218 4025 1281 4082 with

175 4112 202 4160 at
219 4104 266 4161 the
284 4105 389 4160 bottom
407 4105 438 4162 oi
453 4122 470 4159 a
488 4105 560 4160 minc
570 4105 661 4160 would
672 4106 707 4162 bc
747 4106 816 4162 such
827 4124 844 4160 a
855 4112 874 4137 “
882 4107 1017 4170 tcrrella,”
1029 4123 1061 4162 or
1072 4105 1139 4160 little
1151 4105 1239 4176 globo,
1252 4123 1281 4159 as

173 4183 245 4238 lsas:
270 4183 336 4238 both
360 4183 474 4240 because
497 4183 528 4240 oi
547 4182 595 4238 tha
619 4185 707 4239 actual
749 4184 840 4240 Bacon
861 4184 924 4240 bere
944 4201 1073 4256 proposes
1094 4194 1124 4239 to
1146 4200 1204 4248 use,
1223 4183 1282 4237 that

174 4259 344 4326 diminution,
369 4262 422 4318 and
446 4261 477 4318 oi
503 4260 549 4318 the
578 4279 651 4317 mass
679 4263 710 4318 oi
748 4262 853 4318 Gilbcrt
864 4261 998 4318 madehis
1015 4262 1203 4333 experimenta.
1232 4259 1282 4315 Sea

174 4347 270 4394 matter
281 4339 542 4413 norrplaccdaborc
558 4341 606 4396 tho
621 4343 706 4414 point,
748 4359 821 4414 supr.
836 4341 858 4397 1.
871 4355 916 4413 54.
