3078 5180
546 323 635 391 LIB.
652 325 680 390 I.
698 343 748 413 79,
765 327 814 392 80.
1188 323 1232 397 69

128 509 270 560 mamma
298 488 442 585 ingenie
469 488 538 561 illis
568 489 788 584 temporibus
818 499 858 560 ut
888 487 1081 582 plurimum
1108 489 1154 560 ad
1180 509 1237 560 res

129 605 254 678 civiles
280 627 318 678 ee
343 605 600 700 applicuerunt,
622 615 766 700 propter
788 605 1070 701 magnitudinem
1097 605 1236 698 imperii

132 720 296 804 Romani,
318 722 412 814 quod
438 721 670 816 plurimorum
696 721 882 792 hominum
908 741 1016 814 opera
1040 720 1236 814 indigebat.

131 835 186 906 At
211 834 274 908 ille
298 847 397 920 aetas,
424 861 495 930 que
521 835 691 908 naturalis
720 837 942 930 philosophia
968 837 1062 928 apud
1089 835 1237 908 Graecos

130 953 288 1024 maxime
306 951 432 1025 llorere
449 954 522 1024 visa
539 960 604 1035 est,
624 952 798 1047 particula
814 953 886 1023 fuit
901 951 1072 1044 temporis
1089 951 1236 1024 minime

131 1068 322 1155 dinturna;
349 1091 431 1140 cum
448 1078 488 1140 et
505 1067 763 1161 antiquioribus
780 1067 1000 1161 temporibus
1017 1076 1154 1160 septem
1172 1065 1237 1150 illi,

131 1183 192 1275 qui
218 1173 396 1276 sapientes
421 1184 706 1266 nominabantur,
726 1203 849 1254 omnes
872 1180 1016 1276 (praeter
1034 1181 1236 1274 Thaletem)

132 1300 175 1370 ad
199 1298 369 1372 moralem
393 1298 651 1393 philosophiam
672 1309 710 1370 et
726 1298 845 1370 civilia
862 1320 899 1370 se
917 1297 1173 1392 applicuerint;
1199 1307 1238 1369 et

133 1417 385 1510 posterioribus
415 1416 644 1509 temporibus,
672 1423 859 1510 postquam
888 1414 1052 1486 Socrates
1082 1414 1238 1508 philoso-

133 1532 254 1626 phiam
283 1533 331 1603 de
360 1530 449 1603 coelo
479 1533 514 1602 in
547 1541 658 1602 terras
691 1531 898 1603 deduxisset
908 1526 946 1613 ⁶⁵,
978 1531 1094 1602 adhuc
1124 1532 1237 1625 magis

133 1647 325 1722 invaluerit
349 1647 491 1720 moralis
517 1647 746 1741 philosophie,
774 1657 812 1720 et
838 1649 981 1742 ingenia
1005 1648 1189 1718 hominum
1215 1671 1238 1719 e

133 1763 285 1834 naturali
303 1763 483 1834 averterit.

182 1880 238 1951 At
263 1880 437 1973 ipsissima
461 1879 523 1950 ille
549 1879 713 1972 periodus
736 1878 915 1972 temporis,
937 1878 975 1948 in
1000 1902 1073 1971 que
1095 1879 1240 1972 inquisi-

134 1996 250 2068 tiones
272 1995 318 2066 de
343 2004 471 2066 natura
492 1995 694 2090 viguerunt,
712 1995 1052 2066 contradictionibus
1072 2003 1110 2066 et
1130 2018 1239 2067 novo·

133 2133 213 2187 rum
230 2110 442 2204 placitorum
464 2108 660 2181 ambitione
684 2119 849 2202 corrupte
869 2119 935 2194 est,
952 2120 991 2182 et
1008 2111 1143 2182 inutilis
1160 2111 1239 2182 red·

134 2226 220 2298 dita.
280 2225 408 2319 ltaque
438 2224 726 2319 quandoquidem
760 2249 823 2320 per
856 2237 928 2298 tres
961 2228 1046 2300 istas
1076 2226 1239 2320 periodos

133 2341 304 2414 naturalis
327 2341 548 2436 philosophia
571 2343 739 2436 majorem
766 2344 804 2413 in
827 2343 973 2413 modum
995 2342 1159 2437 neglecte
1175 2353 1239 2414 aut

132 2459 306 2554 impedita
322 2458 439 2539 fuerit,
456 2456 506 2528 nil
530 2459 660 2528 mimm
684 2460 713 2529 si
739 2458 900 2530 homines
925 2481 1049 2552 pamm
1075 2461 1112 2530 in
1135 2483 1179 2530 ea
1200 2481 1238 2530 re

132 2574 360 2668 profecerint,
377 2595 459 2644 cum
479 2574 623 2645 omuino
640 2574 737 2646 eliud
755 2576 904 2670 egerint.

606 2755 767 2826 LXXX.

181 2873 338 2946 Accedit
364 2879 402 2944 et
428 2871 528 2954 illud,
555 2871 650 2964 quod
681 2871 852 2944 naturalis
883 2872 1103 2969 philosophie
1130 2873 1167 2943 in
1195 2875 1239 2945 iis

131 2991 217 3087 ipsis
242 2991 335 3071 viris,
361 2989 423 3082 qui
450 2989 483 3060 ei
511 2987 750 3071 incubuerint,
777 2999 962 3060 vacentem
991 2999 1029 3060 et
1058 2991 1238 3084 integrum

131 3107 327 3189 hominem,
346 3105 540 3198 praesertim
566 3103 621 3174 his
647 3104 904 3176 recentioribus
930 3105 1159 3198 temporibus,
1178 3106 1238 3175 vix

130 3331 176 3384 the
188 3327 278 3384 hands
290 3328 321 3382 oi
330 3327 375 3382 the
387 3327 447 3381 civil
459 3343 556 3397 power.
585 3326 667 3381 'lheir
707 3325 808 3382 roured
823 3337 851 3382 to
863 3328 966 3398 replsee
977 3326 1022 3382 the
1035 3325 1123 3382 subtle
1134 3327 1190 3381 talk
1202 3343 1239 3382 on

132 3407 205 3472 laer,
217 3405 307 3478 agaim
319 3403 440 3476 enjoined
456 3405 482 3459 el
495 3406 667 3476 δεῖπρόιτιιν
706 3406 823 3461 abstinet
846 3407 993 3479 questions,
1014 3405 1068 3461 and
1091 3405 1136 3461 the
1160 3407 1238 3479 quib-

128 3487 171 3542 καὶ
189 3491 267 3540 ntea
284 3483 437 3556 ἀπέχεσθαι.
449 3483 550 3555 having
563 3501 579 3538 a
594 3484 666 3554 posi·
707 3485 782 3556 hling
793 3485 824 3540 of
837 3485 882 3540 the
894 3483 1013 3540 tenebere
1027 3483 1058 3538 oi
1070 3483 1113 3539 bie
1129 3484 1190 3556 day,
1201 3486 1239 3559 by

129 3567 183 3620 tive
195 3582 227 3620 aa
239 3563 298 3618 well
310 3580 339 3616 ae
351 3579 367 3616 ι
378 3561 500 3633 negative
511 3561 577 3616 eide.
615 3561 668 3616 For
706 3562 752 3618 the
764 3563 845 3636 etudy
856 3564 888 3620 of
900 3563 1002 3619 human
1019 3563 1064 3618 lile
1078 3561 1132 3618 end
1147 3564 1183 3618 ite
1197 3565 1237 3620 in·

128 3643 200 3698 their
237 3648 256 3673 “
276 3640 375 3696 Stete”
411 3657 464 3695 rrae
503 3641 560 3694 eleo
598 3639 667 3694 their
707 3651 810 3707 tereste,
822 3640 1069 3698 themmmakind
1080 3641 1112 3697 ol
1124 3644 1240 3716 melogy

127 3727 147 3752 “
161 3719 306 3776 Chorch.''
343 3718 420 3773 With
437 3736 471 3773 ιι
489 3717 535 3774 the
555 3719 666 3789 positive
706 3719 824 3775 between
856 3720 913 3775 him
945 3719 998 3774 end
1032 3719 1133 3776 liacon.
1180 3720 1238 3778 The

128 3808 254 3872 precepta
273 3815 318 3852 ere
335 3797 383 3852 left
400 3806 429 3851 to
448 3795 586 3868 Religion3
612 3795 665 3851 and
706 3797 823 3869 thought
840 3816 929 3855 eomes
944 3799 1013 3854 from
1027 3797 1144 3855 Cicero's
1156 3799 1238 3856 Τιιιι.

128 3879 193 3934 Low
205 3893 269 3932 noer
279 3877 303 3931 ie
315 3877 411 3931 dmost
424 3874 561 3930 restricted
576 3884 605 3929 to
620 3873 666 3929 the
707 3877 785 3948 Diap.
799 3877 834 3933 V.
849 3879 885 3933 iv.
901 3895 944 3933 ιο.
963 3875 1117 3934 “Socrates
1135 3878 1238 3950 primus

128 3956 291 4029 prohibitire
315 3953 438 4010 eide-'⁸
451 3952 521 4012 Quae
543 3955 586 4008 lex
611 3971 666 4010 oon
707 3955 906 4027 Philosophiam
927 3954 1064 4012 devocavit
1083 3974 1098 4011 e
1117 3958 1192 4022 ooelo,
1211 3967 1239 4012 et

124 4037 212 4108 jabet,
222 4033 387 4106 permith't:”
402 4031 466 4086 rrith
478 4031 523 4087 the
535 4033 663 4095 ancients,
706 4033 734 4088 in
752 4035 865 4091 urbibus
886 4035 1032 4099 collocavit,
1050 4044 1077 4090 et
1096 4038 1124 4090 in
1143 4035 1239 4090 domos

126 4132 157 4168 aa
176 4109 605 4183 emmerammenses)
624 4131 664 4164 κε·
706 4114 786 4168 etiarn
804 4111 960 4177 introduxit,
979 4122 1005 4168 et
1026 4115 1113 4185 coegit
1132 4113 1166 4168 de
1185 4114 1240 4168 vite

126 4189 378 4262 hedeedeoyopcim.
395 4189 445 4244 See
455 4189 569 4244 Recon’s
578 4187 664 4244 Filum
706 4200 733 4246 et
747 4191 868 4247 moribus
883 4191 1016 4264 rebusque
1031 4193 1109 4247 bonis
1124 4199 1150 4246 et
1161 4190 1238 4246 malie

128 4271 209 4326 hebr.
224 4268 277 4338 §⁶-
670 4315 673 4322 .
706 4271 852 4342 querere.”

163 4349 190 4388 ⁶⁵
211 4349 244 4404 ln
264 4365 296 4404 to
315 4347 354 4402 lar
374 4365 404 4402 aa
425 4347 547 4402 Socrates
568 4345 664 4402 endea-
