3222 5148
272 339 336 406 156
603 335 777 402 NOVUM
800 331 1048 399 ORGANUM.

273 517 333 579 tur
358 527 482 600 pamm
508 523 619 596 posse,
637 502 743 572 etiam
770 507 1027 592 superterram
1050 497 1213 591 planam3
1238 517 1305 568 nec
1321 519 1377 566 re-

275 623 359 695 flexi
389 621 508 702 etiam,
534 618 602 689 nisi
626 614 909 710 multiplicentur
933 623 971 685 et
997 613 1174 696 uniantur,
1200 612 1296 707 quod
1321 612 1377 695 fit,

275 763 356 811 cum
375 736 428 809 sol
445 735 557 830 magis
575 733 690 828 vergit
710 733 755 803 ad
778 728 1091 825 perpendiculnm;
1117 729 1201 822 quia
1222 738 1300 799 tum
1323 728 1380 798 in·

275 854 431 930 cidentia
446 853 626 924 radiorum
644 850 730 922 facit
751 847 901 942 angulos
919 848 1115 928 acutiores3
1142 855 1181 917 ut
1199 845 1302 916 lineoe
1323 867 1380 916 ra-

276 973 417 1044 diorum
433 970 505 1040 sint
523 968 635 1062 magis
650 967 687 1035 in
706 966 922 1060 propinquo:
948 963 1011 1034 ubi
1034 971 1154 1034 contre
1180 963 1217 1032 in
1241 963 1379 1056 magnis

276 1084 548 1180 obliquitatibus
565 1082 658 1163 solis,
675 1081 797 1176 anguli
815 1090 899 1154 sunt
911 1080 1015 1153 valde
1033 1080 1161 1163 obtusi,
1175 1089 1213 1150 et
1230 1079 1379 1173 proinde

277 1203 381 1274 lineae
397 1201 576 1272 radiorum
593 1199 707 1292 magis
723 1198 894 1268 distantes
902 1195 942 1267 44.
993 1195 1065 1268 Sed
1090 1195 1234 1266 interim
1253 1203 1382 1265 notan·

278 1320 365 1390 dnm
381 1327 447 1400 est,
464 1315 596 1386 multas
618 1337 695 1384 esse
718 1335 820 1407 posse
843 1314 1067 1407 operationes
1090 1312 1270 1383 radiorum
1286 1310 1380 1392 solis,

278 1445 387 1527 atque
410 1433 518 1504 etiam
545 1453 591 1502 ex
616 1437 743 1500 natura
768 1429 979 1521 calidique
995 1451 1066 1498 non
1083 1437 1168 1499 suut
1185 1427 1383 1521 proportio-

280 1559 371 1621 natae
394 1549 438 1620 ad
457 1556 593 1618 tactum
617 1560 796 1617 nostrum:
822 1546 912 1617 adeo
933 1554 975 1616 ut
997 1555 1160 1638 respectu
1178 1545 1290 1616 nostri
1306 1565 1382 1614 non

281 1674 472 1759 operentur
488 1687 598 1756 usque
615 1664 659 1734 ad
677 1663 958 1747 calefactionem,
970 1662 1032 1733 sed
1051 1670 1212 1754 respectu
1230 1660 1383 1732 aliorum

281 1779 533 1854 nonnullorum
551 1801 737 1873 corporum
753 1791 977 1874 exequantur
993 1801 1100 1872 opera
1116 1778 1232 1850 calidi.

696 1960 760 2034 Ad
774 1959 967 2033 secundom.

334 2084 368 2151 4.
396 2077 476 2150 Fiat
499 2078 703 2173 hujusmodi
727 2079 1023 2172 experimentum.
1073 2077 1283 2172 Accipiatur
1305 2099 1384 2172 spe-

283 2195 404 2268 culum
422 2195 631 2266 fabricatum
651 2205 773 2267 contra
791 2219 832 2266 ac
853 2196 895 2265 fit
916 2196 953 2265 in
976 2193 1128 2288 speculis
1144 2196 1387 2267 comburenti-

284 2313 370 2396 bus;
397 2322 435 2383 et
458 2313 704 2404 interponatur
726 2312 820 2382 inter
841 2335 986 2383 manum
1011 2321 1050 2384 et
1074 2311 1190 2383 radios
1215 2311 1319 2392 solis;
1347 2319 1387 2382 et

284 2429 347 2499 fiat
374 2427 583 2510 observatio,
609 2436 729 2497 utrum
754 2430 893 2499 minuat
917 2427 1071 2499 calorem
1096 2427 1191 2512 solis,
1216 2427 1389 2520 quemad-

284 2545 432 2615 modum
449 2541 632 2636 speculum
645 2544 855 2615 comburens
872 2545 1025 2614 eundem
1042 2554 1151 2640 auget
1163 2554 1201 2615 et
1217 2544 1386 2614 intendit.

288 2659 523 2730 Manifestum
541 2668 596 2730 est
613 2659 708 2728 enim
725 2660 840 2751 quoad
858 2661 973 2732 radios
994 2663 1139 2754 opticos,
1157 2668 1263 2753 prout
1280 2659 1389 2730 fabri-

282 2786 383 2847 catur
398 2772 584 2868 speculum
603 2775 640 2844 iu
659 2775 834 2846 densitate
857 2775 1031 2869 inaequali.
1042 2790 1205 2870 respectu
1223 2774 1332 2846 medii
1350 2783 1390 2845 et

283 2885 447 2974 laterum,
458 2892 510 2962 ita
526 2913 695 2985 apparere
713 2891 900 2962 simulacra
916 2893 1030 2987 magis
1048 2892 1184 2975 diffusa,
1195 2899 1259 2963 aut
1276 2890 1390 2985 magis

283 3016 475 3079 contracta.
528 3005 656 3099 Itaque
674 3007 771 3077 idem
788 3007 981 3078 videndum
998 3008 1036 3078 in
1054 3007 1169 3080 calore
1177 3005 1215 3078 ⁴⁴.

668 3183 671 3189 ⁵
701 3189 765 3262 Ad
779 3189 973 3262 secandam.

332 3312 368 3378 5.
395 3306 476 3380 Fiat
493 3307 780 3401 experimentum
804 3307 1004 3403 diligenter,
1022 3315 1143 3378 utrum
1160 3331 1224 3400 per
1240 3305 1387 3402 specula

320 3569 346 3610 44
362 3570 421 3625 rl'lrc
438 3589 499 3643 rays
517 3571 585 3626 have
603 3590 619 3626 a
635 3573 688 3628 less
704 3582 816 3628 amount
859 3581 975 3644 myrtery
986 3571 1074 3628 which
1091 3591 1171 3645 every
1182 3572 1319 3646 discovmy
1331 3574 1391 3630 that

286 3649 318 3705 oi
330 3648 497 3720 annosphere
509 3659 537 3704 to
551 3659 666 3706 treverae
681 3651 758 3707 when
770 3651 816 3707 the
859 3651 908 3706 has
926 3651 993 3706 been
1012 3651 1090 3706 made
1105 3651 1189 3707 either
1204 3653 1233 3706 in
1245 3652 1391 3724 chemiatry

288 3727 347 3782 Sun
370 3727 447 3782 isin
469 3727 573 3793 ranithr
604 3729 657 3784 and
680 3729 752 3784 what
775 3747 816 3784 re·
860 3748 891 3785 or
911 3730 1005 3801 optics,
1018 3747 1049 3785 so
1065 3731 1106 3785 iar
1126 3731 1195 3786 from
1215 3731 1390 3804 elucidating,

285 3805 393 3860 flection
405 3805 633 3862 thmeismmost
644 3807 734 3864 direct.
761 3807 817 3864 But
860 3827 945 3864 seems
968 3809 1032 3881 only
1055 3817 1084 3864 to
1108 3808 1203 3865 rander
1226 3827 1300 3866 more
1327 3827 1391 3882 pro·

285 3883 332 3939 the
349 3883 515 3955 questiones
528 3883 604 3940 Solar
617 3885 688 3942 Heu
704 3887 727 3941 is
742 3887 816 3942 init-
859 3887 973 3943 found.”

287 3961 672 4033 seliveryobscure,andbut
687 3964 818 4020 littleun·
893 3966 920 4005 ⁴⁴
939 3965 1006 4020 'l'his
1030 3983 1079 4022 cau
1102 3966 1136 4022 bs
1159 3965 1276 4022 rarificd.
1314 3966 1391 4022 Solnr

288 4039 423 4096 derstood.
449 4039 605 4098 Herschel’s
617 4042 692 4098 Diae.
705 4061 740 4099 cu
754 4043 817 4098 Nat.
860 4045 931 4117 Rays
948 4045 1080 4117 naturally
1090 4045 1208 4100 inuam
1222 4063 1254 4100 or
1269 4044 1393 4101 dammae

289 4119 359 4176 Phil.
379 4122 394 4188 §
412 4133 474 4192 347.
500 4119 582 4176 “The
605 4131 700 4177 natura
723 4123 753 4176 oi
774 4121 819 4176 the
860 4123 905 4178 the
921 4131 1033 4178 amount
1048 4123 1079 4179 ol
1095 4124 1166 4178 lleat
1182 4123 1393 4195 gtneaatedata

290 4197 359 4260 Sun,
380 4195 434 4250 and
455 4196 501 4252 the
524 4197 604 4253 mode
627 4199 655 4253 in
677 4199 763 4255 which
785 4201 820 4256 its
861 4201 958 4256 certain
971 4203 1046 4272 point
1058 4201 1300 4274 accordingtotha
1311 4219 1393 4257 num·

289 4273 437 4330 wonderful
453 4275 551 4347 aupply
563 4277 594 4331 oi
608 4276 677 4348 light
692 4277 745 4333 end
759 4278 821 4334 beat
860 4279 909 4336 bar
925 4280 957 4336 oi
971 4279 1044 4336 them
1056 4280 1092 4350 (if
1105 4298 1157 4336 one
1174 4297 1238 4352 may
1248 4297 1280 4336 so
1297 4281 1393 4352 spent)

290 4354 314 4410 is
343 4351 514 4419 maintained,
538 4371 583 4410 are
606 4356 729 4413 involved
753 4359 779 4413 in
804 4377 821 4414 a
861 4358 1212 4431 broughttobearonthat
1223 4359 1308 4432 point.
