3078 5180
300 293 343 358 56
624 292 798 358 NOVUM
822 291 1069 360 ORGANUM.

301 459 505 532 omnimoda
530 461 759 553 experientia,
786 463 940 554 primurn
971 463 1130 534 inventio
1155 483 1343 534 cansarum
1371 471 1411 535 et

302 575 521 646 axiomatum
544 597 706 647 verorum
732 577 906 649 elicienda
931 587 1006 648 est:
1033 587 1071 649 et
1096 579 1245 649 lucifera
1270 579 1412 672 experi-

303 700 434 774 menta,
463 714 535 762 non
565 691 750 764 fructifera
776 691 1013 785 quaerenda³⁵.
1066 693 1260 766 Axiomata
1287 701 1409 766 autem

303 817 400 880 recte
429 809 576 880 inventa
606 816 644 880 et
673 810 867 880 constituta
897 811 1024 902 praxin
1054 833 1126 880 non
1155 811 1321 890 strictim,
1349 809 1411 882 sed

304 925 493 996 confertim
510 926 711 1008 instruunt;
737 933 776 995 et
793 945 941 1017 opernm
958 927 1101 1019 agmina
1117 949 1159 996 ac
1177 935 1316 996 turmas
1333 933 1413 1016 post

305 1064 342 1124 se
359 1041 518 1112 trahunt.
567 1039 706 1110 Verum
725 1040 771 1110 de
789 1041 992 1134 experiendi
1014 1042 1088 1125 viis,
1106 1065 1186 1134 quae
1203 1065 1277 1112 non
1296 1042 1413 1112 miuus

304 1182 411 1252 qnam
429 1159 496 1230 viae
507 1157 693 1251 judicandi
710 1157 860 1228 obsessae
886 1169 971 1229 sunt
996 1169 1035 1228 et
1060 1159 1271 1243 intemlmae,
1290 1167 1414 1252 postca

306 1277 482 1358 dicemus;
510 1275 827 1367 impraesentiarum
851 1275 896 1346 de
921 1277 1142 1370 experientia
1165 1276 1316 1371 malgeri,
1337 1286 1414 1346 tan-

305 1414 413 1484 quam
439 1392 485 1462 de
510 1391 604 1462 mala
629 1392 939 1476 demonstratione,
959 1403 1099 1464 tautum
1125 1393 1279 1488 loquuti.
1331 1393 1415 1464 Jam

307 1531 391 1580 vero
408 1505 565 1600 postulat
582 1509 670 1580 ordo
686 1531 816 1591 rerum,
834 1517 876 1578 nt
896 1509 943 1580 de
965 1511 1019 1592 iis,
1037 1533 1188 1603 quornm
1205 1509 1316 1603 paulo
1332 1519 1415 1580 ante

307 1624 527 1696 mentionem
563 1623 723 1706 lecimus,
757 1624 866 1718 signis
882 1621 921 1708 ³⁶,
957 1627 1066 1718 (quod
1107 1625 1342 1718 philosophia
1379 1633 1417 1694 et

307 1737 626 1834 contemplationes
653 1741 690 1810 in
716 1763 782 1811 usn
808 1739 902 1812 male
927 1763 965 1812 se
991 1739 1160 1830 habeant)
1179 1751 1217 1812 et
1238 1741 1286 1812 dc
1303 1742 1416 1844 musis

308 1858 359 1929 rei
377 1857 492 1949 primo
509 1856 642 1926 intuitu
660 1866 734 1927 tam
752 1856 922 1929 mirabilis
946 1867 985 1928 et
1008 1856 1235 1940 incredibilis,
1253 1856 1417 1948 quaedam

309 1973 573 2067 subjungamus.
633 1971 825 2066 Signorum
853 1976 949 2046 enim
974 1977 1074 2044 notio
1100 1983 1275 2068 praeparat
1301 1997 1418 2046 assen-

309 2113 408 2162 sum:
435 2111 619 2160 causarum
640 2111 722 2158 vero
740 2088 932 2182 explicatio
950 2089 1046 2162 tollit
1062 2089 1289 2160 miraculum.
1330 2090 1416 2174 Quae

310 2207 382 2276 duo
398 2205 444 2275 ad
462 2205 738 2296 extirpationem
756 2200 931 2277 idolorum
949 2227 995 2276 ex
1012 2205 1202 2278 intellectu
1221 2205 1417 2277 faciliorem

311 2332 348 2394 et
365 2323 633 2394 clementiorem
653 2321 808 2396 multum
820 2324 960 2415 juvant.

926 2505 957 2552 ar

364 2604 539 2686 Scientiae,
570 2627 657 2696 quas
691 2503 979 2690 habelmldgllere
1008 2630 1029 2678 a
1059 2605 1193 2677 Graecia
1224 2605 1420 2678 fluxerunt.

314 2721 403 2805 Quae
431 2721 526 2790 enim
553 2721 740 2814 scriptores
767 2720 933 2806 Romani,
957 2732 1020 2794 ant
1037 2720 1183 2806 Arabes,
1210 2733 1276 2794 aut
1302 2747 1421 2796 recen·

314 2839 422 2909 tiores
437 2835 662 2919 addiderunt,
677 2861 747 2908 non
765 2837 892 2922 multa,
907 2848 970 2909 aut
987 2839 1105 2932 magni
1124 2840 1301 2910 momenti
1317 2848 1418 2910 snut:

315 2963 352 3026 et
375 2951 632 3048 qualiacunque
659 2954 741 3038 sint,
761 2955 910 3026 fundata
935 2964 1019 3026 sunt
1043 2977 1149 3048 super
1169 2955 1272 3025 basin
1298 2978 1421 3026 eorum

314 3093 392 3163 quae
409 3069 554 3138 iuventa
570 3078 653 3138 sunt
669 3091 692 3138 a
709 3067 853 3140 Graecis.
891 3067 978 3140 Erat
994 3077 1116 3140 autem
1134 3069 1312 3162 sapientia
1328 3069 1421 3140 Gre-

350 3309 376 3350 ³⁵
395 3307 476 3380 night
506 3307 559 3362 and
591 3303 749 3377 knowledge
779 3305 845 3360 first.
887 3307 921 3362 ed
939 3317 968 3364 ιο
987 3307 1085 3362 believe
1104 3305 1162 3361 that
1183 3307 1217 3361 he
1239 3309 1372 3378 regarded
1388 3311 1420 3363 all

318 3389 455 3444 Fruitwill
473 3387 562 3441 lollow
576 3385 605 3440 in
623 3385 675 3440 due
693 3385 766 3440 time.
803 3384 846 3438 Cl.
888 3385 1013 3458 thinking
1025 3403 1086 3441 men
1099 3385 1183 3440 aelric
1195 3387 1286 3441 rivola
1315 3387 1420 3444 Hiaex·

318 3468 341 3523 ¹'
352 3479 476 3597 ll'cll.
488 3481 581 3597 llf'ao
593 3541 639 3596 on.
888 3483 1003 3598 lloeerrlll
1013 3463 1420 3600 l‘lrlalhfflffloessm'mi

353 3619 378 3660 ³⁷
395 3620 462 3674 This
474 3620 545 3691 Aph.
559 3619 796 3674 containsalierce
808 3629 848 3674 at·
889 3620 967 3676 those
985 3623 1064 3676 times
1082 3621 1110 3675 in
1130 3621 1217 3676 which
1238 3621 1332 3678 Bacou
1349 3621 1420 3694 lived

319 3700 381 3754 taclr
389 3716 425 3752 on
434 3697 479 3752 the
488 3696 563 3752 older
572 3706 702 3768 systema:
722 3695 776 3752 and
788 3697 850 3752 here
890 3717 966 3763 were,
974 3700 1004 3754 ol
1013 3700 1049 3754 all
1057 3699 1156 3762 others,
1165 3699 1210 3754 the
1223 3699 1290 3772 days
1301 3701 1422 3756 inwhielr

320 3795 349 3831 us
368 3775 450 3830 much
469 3793 498 3830 as
517 3793 569 3847 any
585 3774 672 3830 where
689 3793 728 3829 wc
747 3793 790 3830 ere
808 3777 850 3830 in·
890 3777 936 3832 the
947 3777 993 3832 old
1004 3778 1292 3842 lostallitalictitioue,
1299 3779 1421 3852 trudpe-

320 3853 408 3910 clined
435 3862 464 3907 ιο
493 3871 540 3924 say
563 3852 626 3907 with
653 3853 706 3907 Mr.
721 3853 850 3918 Maurice,
891 3855 958 3927 hapa
970 3856 1129 3912 someolits
1142 3857 1304 3920 reahraluc.
1338 3860 1423 3914 inne

321 3937 340 3962 ‘⁸
354 3931 446 3986 Bacon
460 3929 539 3984 lniled
557 3931 586 3985 in
601 3929 647 3985 the
665 3931 779 4004 homage
798 3932 851 3988 due
891 3943 965 3990 must
984 3935 1017 3990 be
1034 3933 1198 3991 lcouoclnts
1213 3935 1356 3992 whenewcr
1374 3955 1423 4009 any

321 4020 350 4065 to
369 4009 413 4063 hie
431 4016 507 4078 great
525 4007 737 4078 predecessore.”
774 4010 802 4064 ll
818 4011 851 4066 he
891 4012 968 4084 thing
981 4023 1055 4084 great
1066 4014 1089 4068 ie
1102 4021 1130 4069 to
1142 4013 1176 4068 be
1188 4013 1268 4070 done.
1306 4015 1364 4071 But
1375 4035 1422 4072 one

321 4086 446 4158 hadonly
454 4083 563 4140 differed
571 4086 639 4141 irum
647 4085 720 4141 them
732 4088 752 4143 it
764 4089 852 4160 might
891 4090 979 4162 might
995 4091 1062 4146 here
1079 4090 1167 4162 hoped
1182 4091 1242 4147 thet
1253 4093 1300 4148 the
1311 4104 1423 4166 greatest

321 4167 389 4221 here
401 4161 576 4220 heeuborne:
593 4162 685 4219 buthe
697 4167 752 4221 aleo
765 4167 850 4222 shewe
892 4169 981 4224 minda
993 4168 1082 4225 would
1100 4169 1167 4224 hare
1187 4169 1265 4226 acted
1283 4189 1314 4228 aa
1333 4173 1423 4229 mo&-

323 4262 353 4300 so
372 4239 524 4312 nntriendly
542 4259 558 4296 a
579 4243 654 4312 spirit
673 4245 788 4299 towards
810 4245 851 4300 his
891 4255 986 4312 rators,
1011 4257 1059 4302 not
1085 4247 1228 4304 inflamari.
1272 4250 1325 4306 See
1349 4252 1424 4308 Cale

323 4319 553 4393 contemporaries,
569 4319 628 4375 that
646 4338 697 4376 one
717 4323 740 4377 ie
758 4324 851 4379 inclin-
892 4324 991 4396 ridge’s
1005 4326 1110 4392 Friend,
1124 4345 1146 4382 e.
1161 4326 1199 4382 ll.
1214 4328 1309 4402 Erany.
