3222 5148
669 342 758 408 LIB.
775 339 821 408 ll.
839 362 889 410 ια.
1265 339 1327 404 156

224 505 310 598 ipsis
334 505 527 580 rertioibus
552 508 730 580 montium
752 505 1033 601 deprehenditur
1054 504 1202 576 minima
1228 505 1329 600 frigi-

224 622 300 706 dus,
326 623 390 696 sed
419 624 538 696 tennis
572 633 713 698 tanturn
745 631 783 694 et
810 644 915 705 aoer3
955 622 1045 694 adeo
1075 629 1117 691 ut
1145 621 1182 692 in
1208 618 1328 692 Andis

224 750 361 835 pungat
390 748 429 812 et
463 740 626 812 vulneret
656 739 778 812 oeulos
811 763 875 834 per
907 737 1054 812 nimiam
1084 738 1327 822 acrimoniam,

224 870 333 952 atque
354 861 465 935 etiam
482 869 619 954 pungat
639 882 679 932 oe
695 858 894 942 ventriculi,
911 867 950 930 et
975 857 1121 932 indurat
1137 857 1325 932 vomitum.

224 973 348 1068 Atque
370 975 416 1048 ab
432 975 588 1067 antiquis
608 985 773 1048 notatum
791 984 855 1058 est,
873 975 910 1046 in
927 976 1061 1048 vertice
1078 971 1225 1067 Olympi
1249 980 1328 1044 tan-

225 1099 300 1164 tam
320 1090 429 1164 luisse
454 1091 543 1164 seris
565 1093 791 1176 tenuitatem,
809 1099 851 1164 ut
868 1113 1012 1162 neeesse
1038 1090 1146 1162 fuerit
1168 1088 1326 1181 illisqui

226 1230 270 1278 eo
292 1209 535 1291 aseendarant,
555 1231 677 1286 seonm
699 1208 840 1281 deferre
862 1207 1025 1302 spongias
1047 1214 1150 1280 aooto
1173 1215 1211 1278 et
1234 1227 1327 1298 aqua

225 1324 450 1407 madefactas
468 1347 600 1417 easque
624 1325 669 1396 ad
695 1347 734 1396 os
759 1335 797 1395 et
823 1347 924 1396 naras
948 1323 1099 1397 subinde
1124 1343 1327 1416 apponere;

225 1441 310 1533 quia
325 1441 385 1514 air
401 1439 448 1512 ob
464 1442 681 1514 tenuitatem
698 1463 770 1517 nou
787 1439 983 1514 suffioiebat
1000 1439 1233 1532 respirationi.
1282 1437 1327 1510 ln

226 1579 297 1650 quo
321 1558 454 1632 rertioe
479 1558 589 1630 otiam
612 1557 765 1631 relatum
787 1565 842 1634 est
867 1565 1004 1631 tantam
1026 1555 1134 1630 fuisse
1159 1553 1329 1628 serenio

226 1680 300 1747 tem
324 1681 363 1749 et
384 1673 679 1766 tranquillitatem
702 1696 724 1745 a
745 1672 882 1767 pluviis,
906 1680 944 1743 ot
970 1672 1119 1754 nivibus,
1137 1679 1177 1747 at
1202 1672 1329 1754 ventis,

227 1798 269 1860 ‘ut
298 1789 573 1864 sacrificantibus
598 1789 711 1865 litera
738 1789 922 1883 descriptae
948 1788 1062 1884 digito
1089 1789 1126 1860 in
1152 1787 1329 1862 cineribus

226 1905 475 1978 sacrificiorum
509 1929 615 2000 anper
647 1929 744 1977 aram
773 1906 876 1978 Jovie
909 1911 1094 1976 manerent
1127 1905 1165 1974 in
1194 1926 1328 1974 annum

227 2023 429 2116 proximum
459 2023 591 2116 absque
621 2021 695 2093 ullo
729 2022 1004 2116 perturbatione.
1066 2018 1190 2112 Atque
1219 2021 1329 2091 otiam

226 2139 333 2212 hodie
356 2139 589 2212 ascendentes
613 2139 658 2210 ad
679 2139 850 2210 verticem
876 2135 983 2208 Picus
1006 2137 1051 2208 de
1074 2135 1262 2229 Teneripb‚
1285 2157 1329 2206 eo

227 2256 364 2327 radunt
392 2267 503 2328 noctu
530 2266 570 2329 et
597 2280 667 2327 non
697 2255 875 2338 interdiu3
909 2263 947 2325 et
973 2253 1184 2347 paulopost
1210 2261 1329 2322 ortum

227 2370 310 2444 solie
334 2381 526 2444 monentur
551 2382 589 2445 at
614 2373 819 2444 excitantur
844 2394 866 2442 a
889 2370 1039 2442 ducibus
1064 2369 1145 2448 suia,
1164 2377 1205 2438 ut
1231 2367 1331 2437 festi·

227 2497 315 2560 nant
339 2489 564 2571 descendero,
583 2497 728 2584 propter
752 2485 950 2580 pericnlum
974 2489 1031 2579 (ut
1055 2485 1210 2579 videtur)
1234 2507 1256 2555 a
1278 2492 1332 2554 te·

227 2604 366 2676 unitate
382 2604 480 2688 neria,
498 2626 544 2674 ne
561 2603 675 2676 solvat
692 2603 834 2696 spiritns
851 2613 889 2675 et
906 2599 1098 2674 suffocet⁴².

644 2767 709 2842 Ad
723 2767 917 2842 secundm.

277 2899 313 2966 3.
340 2893 504 2967 Reflexio
529 2893 707 2968 radiorum
733 2894 826 2978 solis,
844 2895 880 2966 in
903 2893 1106 2989 regionibus
1132 2914 1240 2985 prope
1265 2892 1331 2962 oir-

228 3009 326 3082 euloe
342 3009 490 3103 palmea,
507 3012 699 3084 admodum
719 3010 845 3082 debilis
862 3019 901 3082 et
917 3009 1080 3081 inefficax
1098 3008 1278 3082 invenitur
1294 3008 1331 3076 iu

228 3125 402 3200 calore⁴²z
436 3129 526 3200 adeo
552 3138 593 3199 ut
623 3127 757 3223 Belga,
787 3129 847 3221 qui
881 3127 1125 3221 hybernaruut
1158 3127 1196 3195 in
1223 3123 1332 3195 Nova

229 3242 389 3327 Zembla,
415 3267 497 3315 oum
528 3253 759 3338 expeotarent
787 3243 887 3316 navis
916 3266 987 3314 suae
1017 3241 1262 3313 liberationem
1293 3248 1332 3312 et

229 3359 554 3431 deobstruotionem
582 3383 604 3431 a
629 3359 769 3455 glaciali
794 3360 891 3431 mole
909 3361 1002 3452 (quae
1025 3381 1103 3429 earu
1130 3356 1331 3447 obsederat)

228 3497 293 3568 per
318 3475 420 3547 initia
445 3476 575 3547 mensis
591 3475 680 3546 Julii
704 3499 766 3570 spe
792 3499 855 3547 sua
881 3476 1038 3548 frustrati
1063 3473 1143 3556 sint,
1162 3482 1199 3543 et
1216 3473 1331 3543 coacti

229 3590 367 3686 roapbae
382 3613 421 3662 se
438 3592 671 3664 oommittaro.
721 3592 850 3686 Itaque
866 3592 955 3664 radii
973 3591 1055 3662 solis
1072 3590 1198 3662 directi
1211 3589 1336 3660 riden-

227 3835 311 3892 altero
327 3852 408 3900 mua,
426 3836 577 3908 unimodi
594 3837 757 3894 relictusne·
802 3848 907 3894 muers
918 3837 947 3893 iu
959 3837 1003 3894 bis
1016 3837 1129 3910 lliatory
1141 3839 1172 3893 oi
1180 3837 1289 3893 Wiuds.

227 3915 289 3980 rint,
302 3915 434 3987 ejrrsnrodi
445 3917 621 3986 reperiuntur.
653 3917 760 3972 Ebora·
837 3917 864 3960 ⁴²
880 3917 939 3973 'l'bs
957 3935 1033 3974 anorr
1049 3919 1073 3974 ia
1092 3917 1162 3972 safer
1178 3917 1260 3982 thena
1291 3914 1338 3969 tha

227 3992 309 4048 albus
344 3995 546 4065 tempestatibus
578 4014 595 4049 a
623 4005 760 4067 renupta-
801 3996 936 4052 radeotiou
951 3998 984 4052 oi
995 3997 1138 4053 tbeSnn’s
1155 4015 1217 4070 ruys
1237 4013 1273 4052 on
1290 3993 1336 4049 tha

226 4072 261 4127 Β
275 4089 399 4128 ramniu
411 4073 562 4130 audeaut
577 4073 705 4148 quiequid
723 4075 761 4129 ibi
803 4075 885 4130 Suorr
905 4078 929 4132 ia
949 4075 1061 4131 avoided
1081 4077 1119 4149 by
1137 4075 1285 4146 ercendiug
1300 4073 1338 4146 by

228 4152 310 4206 mel
334 4161 376 4206 u
400 4151 460 4208 Deo
484 4162 677 4208 emaeoratam.
715 4153 761 4208 Li·
801 4153 1338 4226 aightrendtbaviarrianruallytinrat

227 4239 292 4286 tera
315 4230 344 4286 'ru
371 4230 458 4288 duna
484 4232 589 4302 suipra
612 4249 699 4305 unque
725 4231 761 4287 ad
801 4231 1231 4290 anbourortwoaitrrrunriae.

228 4309 337 4364 albim
361 4310 427 4365 anui
453 4312 629 4365 moniam
657 4327 761 4381 parma·
837 4309 1339 4382 ⁴⁵'lbisoasa(asalrootbrrr)iooua

229 4387 324 4442 ικαὶ*
371 4387 463 4444 Batou
489 4397 595 4459 reperta
620 4389 696 4444 there
720 4389 762 4444 iu·
802 4388 1223 4460 oiDmee‚ndnmneqadn.
