3222 5148
659 345 748 411 urs.
767 347 815 412 11.
832 363 863 431 5·
1247 349 1305 414 141

208 511 439 605 particulares
465 522 503 584 et
528 511 708 605 speciales,
734 535 804 584 non
834 513 932 608 leges
965 513 1249 586 fundamentales
1274 522 1313 586 et

208 652 426 713 communes,
444 653 523 722 quae
533 630 764 702 constituunt
780 630 921 702 formas.
972 627 1219 702 Veruntamen
1237 653 1314 703 om-

209 748 295 816 nino
312 746 498 818 latendum
516 755 581 828 est,
599 747 773 818 rationem
790 747 895 818 istam
915 747 1024 818 videri
1044 747 1312 839 expeditiorem,

211 870 249 932 et
269 864 383 956 magis
407 863 511 934 sitam
534 863 572 932 in
592 862 813 955 propinquo;
839 871 877 933 et
899 883 999 955 spem
1020 862 1164 955 injicere
1190 864 1312 958 magis,

210 1000 318 1072 quem
335 976 432 1050 illam
451 978 663 1071 primariam.

261 1092 315 1165 At
337 1117 416 1187 pars
440 1095 622 1189 operativa
643 1091 815 1178 similiter,
834 1117 912 1187 quae
932 1092 1016 1164 huic
1038 1095 1129 1186 parti
1155 1103 1314 1194 contem·

211 1209 353 1303 platinae
379 1208 579 1303 respondet,
606 1211 846 1301 operationem
875 1208 1041 1280 extendit
1066 1217 1103 1280 et
1129 1205 1314 1301 promovet
1437 1231 1439 1240 ·

211 1326 257 1397 ab
273 1325 326 1408 iis,
344 1347 422 1417 quae
438 1324 613 1395 ordinario
634 1325 671 1394 iu
689 1335 816 1396 natura
832 1325 1071 1405 inveniuntur,
1088 1325 1134 1395 ad
1153 1324 1313 1416 quaedam

210 1439 415 1536 proximam,
432 1451 496 1513 aut
516 1465 538 1512 a
561 1441 731 1536 proximis
753 1465 827 1511 nou
849 1441 1042 1512 admodum
1066 1449 1225 1524 remota3
1251 1440 1313 1512 sed

211 1557 354 1630 altiores
371 1567 410 1630 et
426 1556 595 1629 radicatos
613 1558 835 1650 operationes
853 1580 958 1650 super
975 1566 1138 1627 naturam
1154 1557 1314 1661 pendent

211 1675 337 1766 utique
362 1673 408 1745 ab
432 1673 670 1744 axiomatibus
692 1673 875 1765 primariis.
928 1671 1134 1756 Quinetiam
1158 1672 1218 1741 ubi
1243 1694 1314 1741 non

212 1789 319 1860 datur
338 1789 473 1860 homiui
497 1787 646 1859 facultas
673 1789 851 1880 operandi,
870 1787 931 1858 sed
949 1797 1090 1858 tautum
1110 1787 1254 1869 sciendi,
1272 1795 1316 1882 ut

212 1907 251 1976 in
273 1904 484 1988 coelestibus,
504 1909 634 1998 (neque
660 1904 755 1974 euim
780 1903 988 1974 conceditur
1012 1902 1151 1974 homini
1177 1901 1314 1994 operari

213 2021 252 2092 in
274 2019 441 2114 coelestia,
459 2028 522 2090 aut
544 2041 587 2090 ea
611 2020 801 2089 immutare
826 2026 889 2089 aut
911 2017 1176 2108 transformare)
1194 2027 1315 2087 tamen

213 2134 395 2228 inquisitio
429 2132 513 2203 facti
550 2132 667 2225 ipsius,
698 2133 773 2203 sive
806 2134 965 2204 veritatis
999 2133 1061 2214 rei,
1092 2155 1162 2202 non
1196 2132 1315 2203 miuus

214 2273 321 2342 quam
347 2248 515 2342 cognitio
531 2271 712 2319 causarum
740 2257 778 2319 et
803 2272 1050 2332 consensuum,
1075 2249 1119 2318 ad
1150 2247 1315 2340 primaria

213 2367 277 2438 illa
293 2375 331 2437 et
347 2363 522 2436 catholica
537 2365 717 2435 axiomata
733 2365 779 2436 de
795 2366 931 2436 naturis
951 2363 1170 2457 simplicibus
1188 2362 1314 2452 (veluti

214 2483 261 2554 de
283 2491 410 2553 natura
431 2481 617 2552 rotationis
641 2478 886 2574 spontaneae¹⁷,
901 2482 1122 2552 attractionis
1147 2479 1221 2550 sive
1247 2481 1317 2549 vir-

215 2599 305 2669 tutis
333 2597 552 2691 magneticae,
578 2605 616 2668 et
643 2595 793 2667 aliorum
824 2597 1072 2690 complurium,
1098 2620 1175 2691 quae
1202 2597 1316 2692 magis

215 2713 418 2786 communia
440 2721 534 2795 sunt,
552 2734 659 2803 quam
682 2713 759 2806 ipsa
778 2712 950 2808 coelestia)
968 2714 1130 2785 refertur.
1184 2711 1316 2806 Neque

202 3019 208 3026 ,
254 2961 278 3002 ¹⁰
294 2960 360 3016 'l'his
379 2959 533 3032 pancration
551 2960 581 3015 ol
597 2958 746 3031 “quaedam
786 2959 830 3016 De
848 2960 951 3032 Augm.
969 2959 1085 3016 Sciant:
1107 2978 1137 3014 es
1155 2960 1211 3014 also
1229 2959 1253 3014 is
1273 2957 1319 3014 the

215 3040 365 3113 proxima,”
377 3039 408 3094 ol
416 3057 476 3094 new
487 3048 595 3094 astures
607 3055 671 3092 near
682 3039 746 3092 ahin
786 3056 846 3094 case
863 3040 892 3093 in
909 3038 946 3092 ll.
959 3038 1004 3110 36,
1024 3038 1110 3093 where
1128 3037 1163 3092 he
1185 3037 1319 3094 diacusm

215 3129 245 3174 ιο
264 3118 341 3174 those
360 3135 399 3173 we
419 3116 524 3188 already
545 3116 612 3172 have
632 3125 689 3187 got,
709 3116 747 3188 by
786 3135 861 3171 more
872 3126 900 3171 at
912 3116 1006 3188 length
1019 3116 1065 3171 the
1081 3125 1175 3172 natura
1188 3115 1220 3170 ol
1229 3113 1318 3186 Spon-

215 3197 316 3253 carelul
330 3195 460 3251 imitation
472 3194 557 3250 cithu
572 3212 707 3266 praeesses
719 3195 750 3250 ol
787 3204 898 3251 teuscus
921 3193 1055 3250 Rotatiou.
1095 3193 1151 3262 (Cf.
1176 3194 1233 3248 also
1256 3191 1318 3248 infr.

216 3273 675 3345 Natumhnotauimpcssibility.
789 3272 1060 3344 11.4s.m0tu217.v
1093 3272 1145 3326 We
1163 3279 1237 3326 must
1257 3271 1320 3335 still,

254 3353 277 3394 ¹⁷
296 3352 357 3409 Oue
375 3354 399 3408 is
416 3351 533 3424 tempted
551 3360 579 3406 ιο
600 3359 650 3421 put
668 3349 747 3405 down
786 3352 815 3408 in
837 3352 959 3415 tumeas,
977 3351 1107 3414 recollect
1126 3348 1248 3404 however
1271 3349 1319 3404 ab·

217 3433 334 3488 Bacon’e
345 3430 509 3486 attachment
520 3441 549 3486 ιο
560 3429 615 3484 thia
629 3429 747 3484 docuiue
788 3430 853 3486 surd
871 3430 914 3484 his
929 3429 1009 3484 views
1026 3446 1088 3500 may
1102 3446 1173 3483 seem
1188 3436 1217 3483 ιο
1231 3446 1264 3484 us
1282 3446 1320 3483 ou

216 3512 248 3567 ol
267 3511 454 3581 Spontancous
474 3508 609 3574 Rotation,
622 3506 680 3582 and
703 3506 746 3562 his
787 3509 841 3564 this
865 3508 949 3578 point,
970 3507 1033 3580 they
1055 3524 1122 3561 ware
1141 3507 1238 3561 almost
1258 3505 1320 3560 uui·

216 3590 377 3644 declaration
394 3587 453 3642 that
470 3587 515 3643 ths
533 3587 654 3659 question
671 3604 700 3641 aa
718 3595 747 3641 ιο
788 3587 900 3659 versally
917 3585 1036 3642 received
1054 3585 1083 3640 iu
1101 3585 1143 3640 his
1161 3583 1244 3658 days;
1265 3584 1320 3640 aud

216 3668 263 3723 the
283 3676 373 3723 canuc
389 3666 421 3721 ol
435 3666 481 3721 ths
498 3675 598 3738 system
616 3665 647 3720 ol
659 3664 747 3720 which
788 3665 855 3730 that,
869 3682 906 3719 on
921 3663 966 3718 the
984 3671 1116 3734 contrary,
1128 3661 1174 3717 ths
1190 3661 1319 3734 Cuperui·

216 3746 263 3802 ths
286 3745 360 3802 earth
379 3745 402 3800 is
422 3762 439 3799 a
455 3744 575 3800 member
598 3753 696 3798 cannot
712 3743 747 3798 be
787 3763 837 3800 can
857 3753 957 3815 system
972 3759 1026 3797 was
1044 3759 1074 3796 aa
1090 3751 1134 3814 yet
1147 3759 1164 3795 a
1175 3759 1246 3796 mere
1259 3741 1320 3814 Hy-

216 3823 317 3889 solved,
329 3825 370 3878 till
382 3822 568 3896 Spontaneous
582 3821 746 3877 Rowtionis
787 3822 916 3896 pothesis,
937 3819 1084 3892 supported
1103 3820 1140 3891 by
1158 3837 1194 3874 uc
1216 3836 1319 3874 recom-

214 3903 282 3976 lully
299 3900 473 3966 understood,
486 3919 515 3955 aa
533 3919 549 3955 a
567 3901 701 3974 specimen
718 3900 750 3955 ol
788 3900 965 3964 mandatione,
977 3907 1070 3971 except
1088 3897 1147 3954 that
1158 3898 1188 3952 ol
1202 3899 1237 3953 its
1254 3899 1319 3953 sim·
1339 3895 1344 3902 '

208 3982 258 4040 ¹his
276 3999 336 4037 own
351 3979 499 4052 subjectiou
514 3989 542 4034 to
557 3997 609 4035 oue
624 3981 655 4035 ol
670 3980 747 4034 those
787 3979 959 4052 plicity-the
970 3979 1019 4032 law
1029 3977 1081 4032 and
1095 3977 1222 4048 principle
1234 3977 1265 4032 oi
1273 3977 1320 4032 the

216 4066 234 4092 “
245 4060 322 4117 Idola
333 4058 470 4124 Theatri,”
488 4059 594 4130 agmnst
608 4057 695 4113 which
712 4056 747 4111 hs
775 4059 876 4130 thing,
896 4057 984 4113 which
1008 4056 1101 4112 aetded
1124 4055 1172 4112 the
1196 4055 1319 4127 question

215 4137 270 4193 had
285 4135 426 4210 inveighed
441 4154 472 4191 so
484 4135 678 4208 justlyandso
692 4137 747 4190 slo-
787 4137 830 4192 lor
859 4153 928 4199 ever,
957 4151 1025 4190 were
1053 4142 1102 4188 not
1130 4133 1250 4188 revealed
1279 4133 1320 4187 till

215 4218 325 4290 quently
343 4217 371 4270 in
391 4215 437 4269 the
455 4214 513 4270 first
530 4215 618 4270 Boolr.
654 4215 747 4270 Bacon
788 4211 970 4269 Newtonhad
987 4208 1139 4268 discovered
1154 4209 1200 4266 tha
1213 4207 1276 4264 st
1291 4209 1322 4264 of

216 4293 350 4365 definitely
361 4292 508 4350 condemns
520 4293 565 4348 the
580 4293 747 4364 Ccpernican
789 4292 909 4364 Gravity.

216 4383 317 4446 symm
334 4373 362 4428 iu
379 4371 426 4427 the
444 4371 546 4427 Fourth
561 4371 638 4428 Book
656 4370 687 4426 ol
701 4369 747 4425 the
