3222 5148
573 343 663 408 LIB.
687 343 714 408 l.
737 343 897 426 117,118.
1222 345 1286 409 113

184 513 310 600 quarta
326 527 407 600 pars
423 501 698 580 lucubrationis
714 510 892 600 consistit)
910 517 1019 602 atque
1036 510 1146 580 etiam
1164 531 1287 580 exem·

184 623 251 717 plis
268 623 546 716 particularium,
566 622 691 718 (quae5¹
709 628 746 695 in
764 625 921 696 secunda
937 633 1037 718 parte
1054 626 1286 721 adduximus)

183 749 292 832 atque
322 741 466 834 insuper
490 742 528 812 in
555 741 856 813 observationibus
886 743 1016 812 nostris
1045 763 1151 834 super
1176 742 1288 814 histo-

183 855 282 938 riam,
306 855 399 950 (quae
416 858 454 926 iu
472 858 580 927 tertio
604 864 704 949 parte
730 859 847 951 operis
873 858 1051 951 descripta
1075 857 1147 950 est)
1171 859 1287 951 quivis

183 970 241 1041 vel
257 971 448 1042 mediocris
465 973 689 1065 perspicacia
706 984 744 1043 et
761 972 927 1056 solertiae,
945 971 1183 1066 complurium
1203 995 1288 1067 ope·

182 1109 263 1158 rum
280 1087 453 1159 nobilium
473 1087 709 1160 indicationes
724 1097 763 1160 et
779 1089 1046 1183 designationes
1062 1089 1196 1182 ubique
1221 1111 1288 1159 no-

137 1253 143 1264 ·
183 1201 299 1286 tabit;
332 1205 488 1297 ingenue
518 1212 640 1276 tamen
667 1204 832 1288 fatemur,
861 1203 1046 1276 historiam
1075 1205 1286 1288 naturalem,

183 1341 291 1411 quam
308 1319 426 1390 adhuc
442 1318 624 1400 habemus,
637 1329 700 1391 aut
717 1343 764 1390 ox
782 1318 890 1404 libris,
907 1331 971 1390 ant
989 1343 1036 1393 ex
1053 1322 1287 1414 inquisitione

182 1436 333 1528 propria,
351 1457 423 1506 non
440 1444 516 1506 tam
533 1437 712 1528 copiosam
729 1457 805 1507 esse
831 1444 869 1506 et
888 1436 1116 1520 verificatam,
1135 1445 1177 1508 ut
1200 1435 1289 1531 legi·

183 1551 279 1621 tima
295 1551 581 1644 interpretationi
597 1551 799 1622 satisfacere
816 1561 881 1622 aut
897 1552 1099 1623 ministrare
1116 1553 1238 1646 possit.

234 1664 362 1760 Itaque
378 1669 409 1738 ei
425 1667 505 1758 quis
520 1667 567 1738 ad
584 1666 790 1738 mechanica
807 1669 854 1738 sit
870 1671 984 1762 magis
1007 1677 1113 1761 aptus
1130 1677 1169 1740 et
1186 1691 1288 1761 para-

182 1791 252 1867 tns,
274 1793 382 1876 atquo
407 1805 517 1878 sagax
542 1784 588 1855 ad
616 1784 778 1856 cenanda
803 1807 919 1877 opera,
946 1807 994 1855 ex
1017 1787 1287 1856 conversatione

182 1899 258 1972 sola
280 1923 362 1971 cnm
386 1902 652 1995 experimentis,
669 1904 703 1972 ei
722 1903 962 1994 permittimus
987 1909 1026 1971 et
1050 1899 1286 1993 relinquimus

183 2013 282 2086 illam
298 2015 520 2100 industriam,
534 2029 576 2086 ut
592 2037 639 2086 ex
651 2016 799 2088 historia
814 2025 936 2088 nostra
952 2025 991 2086 et
1009 2015 1140 2086 tabulis
1157 2015 1286 2100 multa,

184 2140 355 2224 tanquam
372 2133 409 2202 in
422 2133 490 2215 via,
503 2133 671 2225 decerpat
688 2139 726 2203 et
742 2134 899 2225 applicet
915 2132 961 2202 ad
977 2153 1094 2224 opera,
1113 2153 1155 2202 ac
1172 2130 1285 2202 veluti

183 2246 299 2318 foenus
328 2247 477 2339 recipiat
505 2247 551 2318 ad
580 2257 733 2340 tempus,
761 2246 876 2318 donec
905 2269 979 2319 sors
1009 2247 1130 2319 haberi
1161 2248 1284 2340 possit.

185 2361 264 2434 Nos
280 2385 374 2446 vero,
391 2386 473 2435 cum
491 2363 536 2433 ad
552 2364 688 2455 majora
704 2363 971 2445 contendamus,
989 2385 1125 2434 moram
1142 2383 1287 2433 omnem

182 2502 438 2574 praeproperam
456 2491 494 2550 et
511 2488 759 2573 praematuram
788 2482 825 2550 in
850 2479 1052 2551 istiusmodi
1076 2479 1191 2561 rebus,
1210 2487 1288 2549 tau-

183 2617 291 2688 quam
308 2594 491 2668 Atnluntae
516 2595 606 2689 pilas
629 2595 686 2686 (ut
709 2598 836 2688 saepius
861 2594 1015 2667 solemus
1035 2596 1168 2687 dicere)
1186 2595 1287 2666 dam-

183 2735 319 2786 namus.
363 2710 494 2804 Neque
508 2713 604 2783 enim
621 2735 728 2784 aurea
744 2734 850 2805 poma
866 2713 1054 2805 pueriliter
1069 2711 1287 2796 affectamus,

183 2830 246 2900 sed
264 2830 385 2900 omnia
402 2829 440 2898 in
457 2829 604 2900 victoria
620 2850 742 2900 cursus
766 2831 852 2899 artis
874 2851 980 2921 super
996 2838 1159 2899 naturam
1186 2829 1287 2921 poni-

56 2933 69 2964 *
185 2943 312 3028 mus⁵²;
330 2967 449 3036 neque
465 2967 629 3016 museum
646 2953 710 3016 ant
726 2955 885 3039 segetem
904 2943 1089 3016 herbidam
1103 2944 1287 3016 demetere

185 3061 406 3144 festinamus,
424 3062 485 3134 sed
507 3083 658 3133 messem
675 3063 927 3155 tempestivam
943 3069 1186 3154 expectamus

798 3231 828 3304 Ι.

235 3349 410 3423 Occurrat
435 3352 544 3424 etiam
572 3232 950 3445 alicffixpllsloluldubio
968 3357 1155 3442 postquam
1176 3349 1288 3443 ipsam

184 3467 371 3542 historiam
389 3480 546 3540 nostram
564 3479 603 3540 et
618 3468 834 3540 inventionis
851 3465 990 3538 tabulas
1007 3465 1208 3561 perlegerit,
1225 3465 1290 3537 ali·

218 3665 243 3706 ⁸¹
272 3666 325 3720 For
354 3672 373 3698 ‘⁸
392 3667 478 3738 qnne'’
503 3664 656 3736 depending
677 3681 714 3718 on
753 3663 874 3717 tomuke
887 3660 1289 3732 “thecoureeoihrtostetn‘p

182 3751 201 3777 ‘⁴
219 3744 448 3815 particularium,”
473 3743 487 3798 l
510 3743 573 3800 read
597 3750 616 3774 “
633 3743 713 3816 quae”
755 3741 887 3797 Nature.”
925 3740 951 3794 lt
967 3757 1053 3795 seems
1065 3749 1094 3796 ιο
1108 3757 1202 3804 mean,
1223 3745 1242 3772 ‘⁸
1250 3759 1290 3796 we

182 3822 336 3894 depending
347 3841 382 3878 on
393 3821 713 3894 “exemplis,”-lollow·
755 3819 791 3875 do
808 3825 857 3875 not
874 3819 970 3874 hasten
985 3828 1014 3874 to
1030 3818 1124 3890 guther
1134 3819 1230 3889 unrlpe
1247 3835 1289 3874 re-

181 3903 230 3974 ing
241 3903 288 3958 the
300 3901 395 3957 lineata
405 3911 434 3956 to
445 3901 492 3956 the
503 3900 555 3956 ild.
566 3900 642 3956 1620.
755 3899 832 3961 snite,
845 3897 895 3952 but
911 3906 967 3953 rest
982 3897 1140 3968 everpthing
1153 3913 1228 3967 upon
1242 3897 1290 3952 the

218 3979 244 4020 ⁸²
260 3980 327 4036 This
339 3981 362 4036 is
373 3980 497 4036 obscure.
535 3979 616 4034 Some
627 3977 713 4034 doubt
754 3976 856 4047 victory
867 3974 956 4031 which
975 3977 1127 4047 sysoemffic
1141 3975 1192 4030 Art
1208 3974 1289 4042 (such

180 4059 515 4114 tbceoneemmolthe
532 4057 713 4128 reading,but
755 4073 842 4110 seems
866 4065 894 4110 to
915 4054 950 4109 be
972 4053 1019 4108 the
1043 4071 1120 4108 sense
1139 4054 1172 4108 oi
1191 4053 1290 4108 cim

181 4137 257 4194 there
272 4138 296 4192 ia
311 4155 349 4192 no
362 4137 497 4209 authority
508 4136 550 4191 ior
561 4153 614 4208 say
625 4135 710 4190 othea
751 4133 840 4204 Artis)
862 4133 914 4188 will
938 4132 1001 4204 gain
1024 4149 1088 4186 over
1113 4131 1233 4196 Natum
1257 4147 1289 4186 eo

183 4215 299 4272 Wond’s
316 4217 476 4272 translation
493 4215 525 4270 oi
538 4215 585 4271 the
603 4233 715 4288 passage
756 4211 824 4267 shall
836 4231 875 4266 we
887 4211 979 4267 obtain
997 4219 1046 4266 not
1059 4209 1105 4265 the
1118 4209 1188 4264 uniit
1204 4225 1288 4272 moes,

182 4295 207 4350 ia
224 4295 374 4368 absolutely
384 4293 505 4366 opposed
521 4302 551 4349 ιο
567 4293 614 4348 the
630 4291 714 4355 truth,
755 4308 788 4345 or
798 4309 879 4362 green
891 4289 969 4345 blade
981 4287 1012 4343 oi
1022 4305 1096 4351 corn,
1108 4287 1159 4342 bnt
1170 4287 1217 4342 the
1227 4301 1289 4356 per-

183 4390 213 4430 es
230 4371 336 4444 though
356 4371 446 4428 Bncon
464 4371 554 4429 would
571 4389 633 4428 ever
649 4371 715 4426 wish
756 4369 810 4424 lect
821 4368 874 4424 and
886 4366 1042 4424 eeasoneble
1052 4365 1189 4422 mmet?

805 4480 818 4528 1
