3222 5148
565 329 653 396 LIB.
676 329 704 395 Ι.
725 343 883 414 104105.
1214 326 1275 390 101

224 487 353 582 ltaque
384 489 569 560 hominum
599 489 799 562 intellectui
830 511 901 560 non
933 487 1062 580 plumae
1091 487 1276 571 addendae,

172 605 236 677 sed
260 605 450 699 plumbum
473 608 591 701 potius
608 617 647 680 et
662 609 840 701 pondera;
867 615 907 676 ut
924 604 1115 677 cohibeant
1131 626 1275 675 omnem

171 721 304 793 saltum
322 731 361 793 et
379 723 548 795 volatum.
596 723 720 817 Atque
736 723 806 795 hoc
822 721 940 793 adhuc
957 722 1092 792 factum
1109 743 1182 791 non
1200 728 1277 804 est;

172 859 284 931 quum
310 860 394 910 vero
418 840 553 911 factum
581 840 701 924 fuerit,
723 839 851 910 melius
877 839 925 909 de
951 837 1108 909 scientiis
1136 858 1275 930 sperare

171 951 310 1025 licebit.

666 1075 779 1152 CV27.

223 1211 269 1281 In
293 1212 545 1283 constituendo
566 1221 688 1284 autem
712 1215 906 1297 axiomata,
929 1209 1042 1280 forma
1065 1206 1277 1280 inductionis

171 1327 252 1410 alia,
270 1349 380 1421 quam
405 1328 522 1399 adhuc
543 1330 581 1399 in
604 1351 671 1400 usu
694 1329 777 1412 fuit,
793 1325 1031 1421 excogitanda
1056 1334 1135 1409 est3
1162 1347 1275 1417 eaque

171 1468 243 1517 non
263 1445 310 1516 ad
327 1447 499 1539 principia
516 1452 658 1517 tantum
676 1448 769 1540 (quae
786 1447 930 1536 vocant)
949 1442 1132 1535 probanda
1156 1449 1195 1512 et
1220 1443 1274 1510 in-

172 1561 363 1645 venienda,
377 1562 440 1632 sed
457 1563 566 1632 etiarn
583 1562 629 1632 ad
645 1562 825 1632 axiomata
849 1562 996 1642 minora,
1013 1568 1052 1630 et
1068 1558 1195 1641 media,
1213 1558 1276 1628 de-

172 1678 282 1770 nique
308 1678 436 1748 omnia
489 1677 656 1749 Inductio
680 1678 788 1759 enim,
806 1699 888 1770 quae
914 1673 1075 1768 procedit
1101 1696 1166 1766 per
1188 1694 1276 1743 enu-

172 1793 410 1864 merationem
437 1791 676 1886 simplicemffl,
703 1815 758 1863 res
783 1790 929 1885 puerilis
958 1798 1023 1874 est,
1050 1798 1089 1862 et
1116 1791 1274 1883 precario

172 1905 367 1991 concludit,
385 1916 424 1979 et
439 1907 597 2002 periculo
614 1909 805 2000 exponitur
820 1906 867 1978 ab
884 1906 1054 1977 instantia
1077 1906 1274 1977 contradic·

173 2025 276 2102 toria,
296 2033 335 2095 et
354 2022 563 2118 plemmque
589 2023 785 2094 secundum
810 2023 976 2116 pauciora
998 2043 1105 2115 quam
1128 2045 1191 2115 par
1207 2029 1274 2103 est,

172 2150 211 2210 et
237 2162 284 2210 ex
311 2139 366 2209 his
394 2140 643 2210 tantummodo
669 2161 747 2232 quae
775 2148 906 2232 praesto
931 2148 1024 2218 sunt,
1050 2139 1273 2230 pronunciat.

172 2252 227 2326 At
243 2252 410 2338 inductio,
427 2279 504 2349 quae
520 2256 567 2326 ad
584 2257 827 2327 inventionem
846 2261 884 2324 et
902 2249 1274 2324 demonstrationem²⁹

171 2374 403 2444 scientiarum
421 2383 458 2442 et
474 2373 605 2443 artium
622 2373 691 2442 erit
708 2369 819 2454 utilis,
838 2378 1000 2440 naturam
1026 2391 1185 2462 separare
1211 2369 1273 2441 de·

171 2485 247 2566 bet,
264 2505 329 2576 per
345 2485 556 2575 rejectiones
580 2493 620 2556 et
646 2482 867 2556 exclusiones
892 2482 1050 2566 debitas;
1077 2507 1118 2554 ac
1144 2483 1273 2556 deinde

171 2609 256 2693 post
283 2601 466 2694 negativas
495 2610 551 2671 tot
581 2610 669 2693 quot
697 2597 888 2682 sufficiunt,
913 2621 1019 2691 super
1047 2597 1273 2670 affirmativas

171 2715 407 2802 concludere;
433 2715 527 2809 quod
549 2715 666 2787 adhuc
684 2716 818 2786 fectum
836 2736 907 2785 non
925 2723 989 2797 est,
1008 2737 1074 2787 nec
1091 2725 1272 2788 tentatum

170 2841 281 2916 certe,
304 2833 370 2902 nisi
397 2834 644 2905 tantummodo
667 2855 690 2902 a
706 2829 867 2914 Platone,
886 2833 947 2924 qui
972 2832 1018 2903 ad
1041 2832 1273 2904 excutiendas

208 3028 234 3070 ²⁷
253 3029 297 3086 cf.
310 3027 479 3102 Appendices
493 3027 516 3082 B
529 3025 582 3084 aud
596 3028 631 3082 D.
744 3025 818 3080 word
836 3025 889 3081 like
903 3026 1111 3091 Demonstratio,
1124 3027 1177 3082 and
1190 3029 1272 3099 using

208 3107 235 3148 ²⁸
250 3107 318 3163 'lhis
330 3109 354 3163 is
366 3125 382 3162 a
394 3115 453 3179 part
470 3108 501 3162 oi
516 3106 562 3162 the
573 3106 703 3161 Aristote-
744 3105 765 3159 it
782 3122 811 3160 aa
830 3105 981 3176 equivalent
998 3113 1027 3159 ιο
1038 3104 1096 3160 that
1113 3114 1142 3160 ιο
1154 3105 1241 3160 which
1253 3107 1274 3160 it

169 3186 225 3241 lian
240 3185 394 3250 Induction,
407 3192 426 3217 ‘⁸
437 3185 562 3241 Inductio
578 3186 622 3240 cui
637 3183 704 3239 nihil
744 3199 798 3236 was
810 3183 916 3253 usually
924 3182 1052 3253 opposed.
1073 3183 1273 3240 Demonstratio

169 3265 288 3322 occurrit
299 3265 327 3319 in
340 3264 532 3321 eontrarium.”
558 3263 608 3319 See
619 3263 703 3318 Mill’e
745 3260 898 3330 (ἀπόδειξις)
908 3277 962 3314 was
972 3260 1075 3331 strictly
1083 3261 1136 3315 and
1146 3263 1274 3336 periectly

171 3341 266 3414 logie,
281 3341 398 3398 Bk.111.
411 3341 488 3414 ohap.
499 3341 563 3397 xxii.
579 3345 632 3411 §42
646 3343 703 3397 also
744 3338 885 3394 deductive
896 3355 996 3410 among
1008 3338 1053 3394 the
1066 3340 1190 3410 previous
1206 3341 1274 3414 logi·

171 3421 226 3476 Bk.
237 3421 276 3476 ll.
290 3420 413 3492 chapiii.
427 3423 442 3490 ι
455 3437 479 3476 a.
515 3421 582 3476 This
594 3421 665 3475 form
676 3421 705 3474 ol
745 3419 785 3472 cel
797 3417 907 3472 writers.
946 3415 1038 3472 Bacca
1056 3415 1146 3474 denies
1163 3416 1209 3474 the
1227 3437 1272 3474 ex·

171 3499 319 3556 Induction
328 3499 389 3554 Mill
399 3498 479 3554 holds
491 3499 563 3554 tobe
574 3498 703 3554 thebaeis
743 3496 843 3551 istence
855 3496 885 3551 ol
900 3512 953 3567 any
965 3495 1033 3551 such
1051 3498 1203 3567 systematic
1214 3500 1273 3571 way·

169 3578 203 3633 oi
211 3595 263 3633 our
275 3577 433 3650 knowledge
444 3579 473 3633 ol
483 3577 555 3632 what
566 3595 611 3632 are
622 3587 703 3633 terru-
743 3573 775 3628 oi
788 3573 915 3646 reaching
926 3573 1017 3639 truth3
1037 3574 1091 3630 and
1109 3593 1140 3632 se
1151 3593 1214 3632 uses
1225 3577 1272 3632 the

168 3655 204 3711 ed
225 3657 339 3712 Axiam
360 3657 389 3712 in
412 3655 609 3712 Mathematics.
652 3655 704 3712 For
743 3653 817 3710 word
831 3654 858 3708 in
875 3654 910 3707 its
925 3651 1038 3708 modern
1056 3671 1133 3710 sense
1150 3673 1180 3710 es
1198 3657 1273 3729 equi·

169 3735 364 3790 ffleBaconian
374 3734 528 3799 Induction,
535 3735 627 3790 whose
639 3735 702 3790 cha·
743 3733 833 3788 valent
862 3741 890 3786 to
922 3736 941 3762 “
952 3732 1027 3786 stu-'tet
1056 3733 1163 3804 prooi.”
1213 3737 1274 3808 Any

168 3814 330 3870 racteristics
348 3831 393 3868 are
410 3813 490 3884 given
507 3813 593 3870 below
603 3815 632 3868 in
648 3814 702 3869 this
743 3808 901 3882 knowledge
912 3809 989 3883 ieirly
1001 3811 1101 3882 proved
1110 3812 1200 3870 would
1211 3831 1274 3870 now

168 3893 326 3964 Aphorisrn,
350 3892 499 3962 (inductio,
520 3910 581 3965 que
605 3892 640 3948 ad
660 3893 701 3948 in-
743 3887 777 3942 be
794 3887 893 3944 saidto
905 3889 938 3944 be
951 3888 1206 3959 “demonstrated,”
1218 3892 1274 3948 and

169 3972 323 4027 ventiouem
335 3979 362 4025 et
379 3970 633 4026 demonstrationem
650 3971 701 4026 sci·
742 3965 789 4022 the
809 3966 934 4022 evidence
955 3967 985 4023 oi
1004 3968 1050 4024 the
1071 3987 1161 4027 senses
1183 3971 1273 4026 would

168 4049 381 4118 sntiarum‚&c.)
394 4047 587 4120 seeAppendix
599 4050 635 4115 D,
647 4050 701 4106 aud
742 4062 803 4100 now
815 4046 848 4101 be
866 4045 950 4102 adled
967 4052 985 4076 ‘⁴
995 4045 1200 4104 demonstrative
1217 4050 1272 4106 evi·

171 4127 207 4184 D.
221 4127 359 4183 Stewart’s
382 4127 450 4184 Phil.
472 4128 504 4183 ol
521 4127 567 4184 the
588 4127 701 4186 Humsn
741 4122 854 4180 dence.”
899 4125 950 4181 For
978 4125 1077 4182 Plato's
1104 4127 1218 4185 Method
1243 4127 1275 4183 ei

170 4205 260 4271 blind,
274 4214 333 4278 part
343 4205 382 4260 ll.
396 4207 472 4278 chop.
482 4207 519 4261 ix.
533 4209 582 4276 §a
743 4201 895 4267 Induction,
920 4221 963 4258 see
983 4203 1147 4278 Coleridge’s
1165 4203 1270 4269 Friend,

204 4283 231 4324 ²⁹
248 4283 379 4339 Bacenis
392 4285 508 4356 perhaps
525 4284 615 4340 rather
626 4295 655 4341 ιο
667 4286 700 4342 ba
743 4288 813 4346 Seet.
823 4289 849 4344 ii.
862 4288 980 4362 Essayd.

167 4362 277 4420 blamed
295 4363 359 4419 here
377 4362 419 4420 for
436 4363 531 4436 taking
542 4381 558 4420 a
570 4363 700 4421 technietl
