3078 5180
524 338 796 428 LIB.1.43‚44·
1171 347 1214 412 ts

110 497 289 574 Homines
316 504 411 573 euim
442 527 505 595 per
532 527 711 577 sermones
739 509 937 590 sociantnr;
970 517 1009 578 at
1035 509 1141 580 verba
1167 533 1214 581 ex

109 631 216 712 captu
235 619 331 711 vulgi
351 620 590 712 imponuntur.
642 621 770 713 Itaque
787 622 880 693 mala
898 631 935 693 et
953 624 1074 716 inepta
1092 625 1214 694 verho-

109 757 186 804 rum
205 737 387 826 impositio
406 737 501 807 miris
520 737 633 808 modis
651 735 875 809 intellectum
894 737 1043 809 obsidet.
1084 737 1215 831 Neque

108 849 335 921 definitiones
360 865 422 920 ant
447 851 712 943 explicationes,
731 853 857 944 quihus
883 853 1045 924 homines
1063 855 1158 925 docti
1177 877 1215 926 se

108 967 250 1036 munire
280 975 319 1037 et
349 967 526 1037 vindicare
559 968 595 1037 iu
628 968 808 1039 nonnullis
839 983 1109 1052 consueverunt,
1139 994 1214 1042 rem

108 1082 183 1152 nllo
211 1082 320 1153 modo
348 1085 552 1154 restituunt.
603 1084 677 1156 Sed
707 1085 814 1156 verba
843 1085 949 1178 plane
978 1087 1049 1156 vim
1080 1087 1216 1158 faciunt

108 1197 320 1279 intellectui,
339 1209 378 1270 et
400 1200 520 1270 omnia
544 1202 709 1284 turbant3
736 1211 774 1273 et
796 1201 957 1273 homines
974 1202 1019 1272 ad
1037 1203 1160 1275 inanes
1177 1214 1216 1273 et

108 1315 313 1386 innumeras
330 1317 583 1386 controversias
601 1325 638 1388 et
656 1326 858 1388 commenta
877 1316 1069 1388 deducunt.

590 1498 733 1572 XLIV.

156 1615 252 1685 Sunt
278 1616 432 1706 denique
456 1611 559 1695 idolo,
577 1639 652 1706 quae
670 1618 918 1709 immigrarunt
938 1619 975 1690 iu
996 1619 1134 1691 animos
1152 1618 1215 1690 ho-

108 1733 246 1802 minum
260 1755 308 1804 ex
322 1731 468 1802 dirersis
481 1731 706 1824 dogmatibus
725 1733 1036 1827 philosophiam,
1050 1760 1091 1807 uc
1104 1737 1213 1808 etiam

108 1869 153 1916 ex
169 1848 346 1940 perversis
366 1845 503 1940 legibus
528 1847 890 1936 demonstrationum
917 1873 994 1942 quae
1012 1849 1105 1922 idolo
1122 1849 1215 1922 thea-

108 1965 156 2034 tri
178 1961 465 2047 nominamns⁴⁵3
494 1966 576 2058 quia
600 1979 688 2056 quot
714 1964 945 2059 philosophiae
972 1980 1126 2059 receptae
1150 1978 1214 2038 aut

108 2082 266 2151 inventae
290 2089 385 2162 sunt,
403 2089 458 2149 tot
483 2080 621 2150 fabulas
643 2082 831 2173 productas
848 2096 886 2152 et
902 2091 999 2153 actas
1016 2106 1214 2170 censemus,

109 2217 188 2286 quae
216 2193 372 2264 mundos
399 2191 593 2265 effecerunt
620 2193 764 2263 fictitios
794 2204 831 2265 et
862 2196 1029 2266 scenicos
1087 2197 1215 2290 Neque

109 2310 153 2379 de
182 2309 238 2380 his
260 2332 340 2401 quae
358 2309 432 2399 jam
458 2309 644 2390 hahentur,
662 2318 725 2379 ant
748 2311 856 2380 etiam
877 2312 922 2380 de
941 2311 1119 2382 veteribus
1137 2312 1215 2404 phi·

109 2424 279 2519 losophiis
310 2435 348 2495 et
377 2427 484 2496 sectis
515 2436 653 2495 tantum
686 2425 872 2516 loquimur,
904 2449 985 2496 cnm
1016 2427 1214 2520 complures

109 2541 187 2614 aliae
213 2543 390 2635 ejusmodi
418 2542 549 2612 fabulae
575 2544 738 2635 componi
766 2553 805 2614 et
829 2544 1029 2614 concinnari
1058 2547 1213 2637 possint;

110 2659 398 2750 quandoquidem
423 2680 581 2729 errorum
605 2681 744 2749 prorsus
769 2659 987 2730 diversorum
1008 2681 1121 2729 causae
1142 2661 1214 2732 sint

109 2773 341 2845 nihilominus
365 2774 439 2844 iere
465 2795 681 2842 communes.
735 2773 866 2867 Neque
890 2797 1008 2845 rursus
1033 2775 1079 2845 de
1101 2775 1214 2868 philo-

109 2890 239 2982 sophiis
253 2888 510 2960 universalibus
529 2897 669 2956 tantum
686 2888 753 2960 hoc
769 2889 1013 2984 intelligimus,
1027 2891 1089 2960 sed
1103 2892 1213 2963 etiam

110 3006 153 3074 de
175 3006 358 3099 principiis
382 3013 421 3075 et
446 3003 683 3074 axiomatibus
708 3005 948 3097 compluribus
974 3007 1213 3093 scientiarum,

110 3145 190 3214 quae
220 3146 269 3194 ex
301 3121 491 3192 traditione
525 3129 563 3189 et
596 3119 667 3190 fide
701 3129 739 3191 et
772 3120 940 3214 neglectu
973 3120 1211 3192 invaluenrnt.

109 3339 183 3412 tirely
202 3358 263 3394 new
284 3337 479 3409 Philosophieal
499 3335 554 3391 and
573 3336 641 3392 Uni·
683 3338 714 3391 ol
721 3336 766 3392 the
775 3336 915 3392 differcnce
925 3335 1043 3392 between
1051 3336 1214 3411 Philosophy

109 3420 192 3472 renel
217 3419 372 3488 lauguage.
420 3416 471 3470 For
494 3433 556 3469 men
581 3433 641 3470 ever
682 3415 745 3470 with
758 3416 811 3470 and
823 3415 936 3470 without
951 3433 967 3468 a
983 3417 1115 3486 language
1133 3417 1164 3471 oi
1179 3418 1214 3472 ite

109 3497 196 3551 utun
212 3496 284 3551 their
300 3495 470 3564 conceptione
488 3493 525 3565 by
538 3493 584 3548 the
599 3493 640 3547 in·
682 3512 751 3548 own.
780 3493 988 3564 Algebraneuer
999 3492 1214 3566 madeprogrees

108 3575 261 3630 troduction
278 3573 310 3628 oi
325 3573 430 3628 relative
448 3591 479 3628 or
496 3572 641 3642 analogons
682 3574 723 3626 till
741 3571 807 3626 ulter
825 3571 902 3626 Vieta
919 3571 1076 3627 introduced
1095 3573 1214 3645 symbols

109 3654 229 3718 notione,
249 3651 304 3706 and
316 3651 401 3705 ituras
419 3650 508 3720 hoped
524 3648 569 3703 the
583 3667 642 3703 new
682 3651 738 3704 into
754 3650 784 3714 it,
804 3650 857 3704 aud
878 3650 942 3704 then
962 3651 983 3705 it
1003 3650 1065 3704 shot
1086 3651 1213 3708 lorwmde

109 3729 253 3802 Languege
269 3729 355 3800 might
366 3729 471 3784 obviate
484 3727 546 3783 this.
583 3727 641 3782 'l'he
682 3728 800 3800 directly.
830 3728 872 3784 cf.
892 3730 948 3783 eleo
967 3729 1166 3786 Aduancement
1186 3732 1217 3786 oi

108 3809 210 3880 subject
230 3810 254 3864 is
276 3809 375 3863 treated
397 3818 424 3862 at
444 3806 536 3878 length
555 3807 584 3861 in
604 3807 639 3861 D.
682 3806 824 3876 learning,
837 3825 863 3876 p.
874 3805 933 3875 196.

109 3885 243 3941 Stcwnrt's
256 3887 322 3940 Phil.
333 3887 363 3940 ol
372 3886 417 3940 the
429 3886 539 3940 Human
551 3885 639 3950 Mind,
716 3883 742 3922 ⁴⁶
759 3884 835 3938 ldolu
847 3885 960 3938 Theotri.
995 3885 1053 3939 The
1066 3886 1216 3957 prejudicat

108 3975 165 4035 part
177 3964 200 4020 1.
216 3965 260 4020 ch.
270 3965 305 4018 iv.
318 3973 381 4019 sect.
392 3984 418 4031 4,
429 3977 455 4030 5,
468 3963 520 4017 and
534 3963 605 4018 Note
618 3962 641 4016 L
681 3963 781 4033 arising
793 3963 861 4016 lrom
873 3963 919 4016 the
931 3963 1054 4018 different
1063 3974 1176 4035 systema
1186 3966 1217 4020 oi

108 4059 142 4096 on
156 4043 293 4098 leibnitzt
312 4043 346 4097 cs.
359 4045 416 4096 also
433 4041 480 4097 the
498 4040 599 4095 lntrod.
611 4051 640 4095 to
683 4039 854 4111 Philosophy,
866 4041 919 4095 and
935 4041 980 4096 tbe
991 4041 1076 4112 faulty
1087 4042 1215 4098 methodo

108 4121 151 4175 the
163 4139 237 4176 same
249 4123 400 4192 worlr,part
411 4120 449 4175 11.
462 4129 550 4174 secta
564 4121 591 4188 (§
601 4121 639 4188 ι),
681 4119 711 4173 ol
728 4118 947 4174 Demonstration
965 4121 994 4173 in
1014 4137 1109 4190 vogue.
1146 4121 1212 4175 This

109 4198 193 4254 where
211 4200 244 4253 he
262 4209 356 4272 quotes
370 4199 503 4254 lavoisier
520 4215 556 4252 on
569 4197 639 4251 Che-
681 4197 758 4261 head,
778 4195 866 4251 which
890 4199 982 4268 brings
1003 4198 1094 4252 Bacon
1118 4206 1146 4252 to
1167 4198 1225 4252 the

109 4277 201 4350 mistry
215 4278 268 4332 and
281 4279 406 4349 Algehra.
442 4277 500 4331 'lhe
517 4278 594 4330 latter
612 4277 643 4329 oi
681 4275 747 4346 edge
763 4275 793 4328 ol
808 4277 1052 4346 controversy,will
1067 4275 1224 4331 hetreated·

110 4355 181 4410 these
199 4356 299 4412 affords
317 4375 334 4410 a
349 4357 463 4427 striking
481 4353 639 4410 illustration
680 4353 710 4408 oi
719 4363 747 4408 at
758 4364 860 4424 greater
870 4353 964 4425 length
976 4354 1113 4408 herenltcr.
