3156 5176
590 353 840 419 INDEX.

160 515 250 570 Poros
264 512 371 571 habent
384 515 429 572 rel
443 515 613 574 solidissima
627 535 755 594 corpora,
771 537 841 593 3¹9·

158 610 339 669 Postulatnm
352 611 595 678 mathematicum,
614 632 645 670 22
654 630 679 689 7.

158 707 292 766 Potentia
305 707 368 774 Dei,
383 727 434 784 per
450 708 659 784 philosophiam
680 712 837 770 naturalem
858 712 1008 780 declarata,
1025 714 1072 788 87.
1103 715 1261 780 hominum,

202 823 240 862 ac.
260 806 408 881 generatio
429 824 566 864 novarum
591 817 765 875 naturarum,
795 827 861 884 13²·
879 827 888 866 2
895 827 911 884 3
915 828 942 885 5.
973 812 1066 869 adhuc
1087 813 1261 888 imperfecta,

205 902 272 976 136.
294 911 325 959 et
338 903 456 960 scientia
468 904 642 978 amplificant
656 924 713 963 non
728 905 824 970 beant,
839 905 909 980 316.
932 909 1074 983 augenda,
1090 910 1160 981 326.

159 999 339 1077 Praoeptum
353 999 389 1057 de
403 1001 587 1076 generatione
601 1019 682 1060 norae
696 1010 815 1068 naturae,
830 1004 896 1078 138.

159 1095 360 1171 Praerogativae
375 1097 582 1165 instantiarum,
596 1099 654 1156 vid.
667 1101 811 1158 instantio.

158 1193 286 1251 Ρτωιεοι
300 1194 367 1252 vitia
382 1195 448 1263 duo,
465 1213 497 1252 22
507 1209 535 1271 7.

158 1289 287 1348 Primum
302 1292 415 1356 mobile.
432 1292 479 1366 36.

159 1388 305 1464 Principes
319 1390 485 1464 plerumque
499 1389 680 1447 mediocriter
694 1391 782 1457 docti,
799 1393 845 1468 89.

158 1484 318 1554 Probabile,
333 1504 390 1543 non
405 1504 514 1554 verum,
529 1484 668 1561 ephectici
682 1496 847 1563 sequuntur,
863 1507 912 1563 52.

158 1581 312 1639 Proceaeus
326 1582 427 1648 latens,
447 1602 455 1640 2
463 1600 510 1657 33.
524 1601 535 1640 2
540 1599 557 1655 3
562 1599 590 1659 5.
606 1601 673 1657 242.
709 1584 746 1642 ad
759 1604 823 1643 eum
838 1585 945 1644 ducunt
959 1587 1101 1644 instantia
1116 1587 1177 1652 riae,
1195 1605 1262 1662 272.

159 1679 277 1736 Proclm
291 1679 491 1738 mathematica
504 1682 630 1758 corrupit
643 1682 861 1758 philosophiam,
876 1701 927 1759 94.

157 1776 350 1852 Proprietates
363 1777 491 1842 occulta,
507 1792 556 1854 47.

158 1871 341 1949 Protagoras,
357 1872 494 1948 sophista,
511 1888 559 1949 52.
575 1889 624 1951 57.

158 1970 314 2028 Prudentia
327 1970 416 2028 civilis
430 1989 467 2028 ex
480 1971 645 2046 prescripto
659 1971 769 2037 diffidit,
785 1989 834 2046 90.

159 2066 265 2125 Pulmo
280 2068 414 2134 marinus,
433 2068 500 2126 160.

158 2165 288 2224 Pulveris
302 2167 373 2242 pyrii
387 2166 539 2242 inquisitio,
559 2183 626 2244 249,
644 2185 713 2242 250.

159 2263 331 2321 Putrefaotio
346 2265 375 2320 in
389 2283 420 2322 se
437 2264 525 2322 babet
538 2265 699 2322 rudimenta
717 2265 827 2332 caloris,
848 2281 911 2338 172.
945 2266 972 2322 in
988 2265 1154 2324 animalcula
1174 2268 1259 2325 solvi-

200 2370 257 2429 tur,
271 2362 307 2419 il.
330 2371 374 2420 eat
388 2363 535 2438 generatio
548 2364 647 2422 formae
661 2382 754 2428 novae,
771 2363 840 2439 298.

159 2459 269 2535 Pyrrho
284 2469 314 2518 et
327 2460 485 2536 Ephectici,
500 2478 550 2537 52.

161 2557 332 2635 Pythagorae
346 2559 509 2633 superstitio
523 2578 627 2628 crassa,
642 2575 691 2635 45.
707 2561 756 2636 58.
779 2558 1022 2634 peregrinationes
1036 2559 1106 2635 ejus,
1122 2561 1170 2618 60.

158 2847 320 2919 Qualitates
333 2849 441 2924 primae,
455 2867 504 2925 47.

158 2944 267 3016 Quanti
281 2945 433 3012 instantia,
451 2947 519 3021 287.

159 3043 306 3112 Quantum
320 3043 484 3109 eoemioum,
500 3043 570 3102 288.

160 3139 249 3210 Quies
263 3148 292 3199 et
307 3148 410 3206 motus,
429 3157 496 3216 233.
519 3143 597 3200 nulla
611 3162 685 3212 reru,
703 3159 772 3217 724.

692 3339 727 3394 R.

159 3435 298 3494 Radioum
313 3442 343 3494 et
357 3453 501 3494 ramorum
514 3435 708 3502 conformitas,
725 3451 791 3506 224.

160 3533 243 3591 Radii
256 3533 379 3599 lunares,
400 3549 466 3608 257.
488 3532 605 3598 solares,
623 3551 691 3608 250.
710 3547 777 3608 254,
796 3553 803 3590 2
811 3547 860 3609 55.
887 3551 937 3608 per
950 3533 1065 3607 specula
1078 3535 1260 3604 comburunt,

160 3642 273 3784 nciliis
286 3725 502 3791 elementorum,
512 3725 574 3801 ejus
588 3724 706 3801 decupla
720 3725 875 3800 proportio,
893 3739 939 3799 25.
963 3743 979 3781 a
993 3725 1085 3784 forma
1098 3727 1201 3784 caloris
1215 3743 1259 3783 re·

197 3820 304 3896 jicitur,
324 3821 388 3895 287.
410 3829 439 3878 et
453 3820 589 3887 densitas,
607 3821 675 3895 264.

160 3917 297 3975 82802202
311 3917 392 3976 densi
405 3925 435 3975 et
448 3918 515 3984 ran',
532 3919 599 3991 264.
617 3918 686 3996 265.

160 4013 290 4073 Ratioms
304 4014 436 4072 humanae
450 4015 617 4092 redargutio
629 4015 683 4073 sibi
696 4016 843 4091 permissa,
862 4033 928 4072 220.

160 4114 299 4172 Refiectio
313 4121 343 4171 et
357 4113 489 4172 retractio
501 4113 654 4181 radiorum,
675 4128 740 4190 250.
760 4133 767 4170 2
775 4127 825 4190 54,
841 4132 849 4170 2
857 4127 873 4190 5
877 4129 905 4188 5.

161 4213 293 4290 Regnum
308 4212 361 4270 Dei
375 4231 433 4270 non
448 4213 525 4270 venit
540 4231 603 4270 cum
619 4213 826 4278 observatione,
843 4230 892 4286 9²·

162 4309 404 4374 Reverberatoria,
427 4325 435 4364 2
441 4321 488 4382 52.
