3156 5176
604 359 693 426 n1e.
716 361 763 426 11.
787 377 840 448 50.
1209 367 1275 431 aaa

172 520 425 610 experimentis
442 522 610 595 chemicis
626 524 720 596 circa
738 523 885 596 metalla
901 524 1134 596 inveniuntur
1149 533 1189 597 et
1210 525 1271 598 alii

172 635 333 708 nonnulli
356 637 602 712 observatione
626 641 737 734 digni.
791 640 955 716 Maxima
971 663 1054 712 vero
1071 641 1273 734 frequentia

172 771 294 823 eorum
321 752 377 842 (ut
402 755 438 824 in
465 763 566 827 tanta
592 757 787 850 paucitate)
815 757 996 829 invenitur
1020 757 1057 828 in
1085 759 1272 830 medicinis

170 868 361 952 nonnullis,
379 893 456 962 quae
473 893 519 942 ex
536 873 811 966 proprietatibus
835 875 908 944 suis
925 872 1075 944 occultis
1092 871 1194 967 (quas
1211 895 1272 946 vo-

170 984 268 1075 cant)
288 995 327 1057 et
342 987 513 1080 specificis
534 989 729 1082 respiciunt
746 1000 808 1060 aut
825 989 995 1072 membra,
1013 998 1078 1061 aut
1093 989 1270 1074 humores,

170 1108 233 1170 aut
249 1102 400 1185 morbos,
418 1116 480 1176 aut
497 1106 713 1199 quandoque
732 1115 876 1177 naturas
893 1105 1101 1178 individuas.
1136 1105 1270 1200 Neque

169 1218 360 1290 omittendi
374 1229 457 1290 sunt
469 1243 659 1292 consensus
672 1222 767 1292 inter
779 1229 898 1292 motus
915 1232 953 1293 et
969 1220 1118 1294 affectus
1134 1220 1269 1308 lunaeae,

169 1341 208 1406 et
224 1337 402 1428 passiones
419 1358 605 1430 corporum
624 1337 842 1422 inferiorum,
859 1348 965 1432 prout
982 1360 1028 1410 ex
1045 1341 1270 1431 experimen·

169 1451 215 1521 tis
231 1452 464 1546 agriculturas,
481 1454 640 1536 nauticoe,
659 1464 697 1524 et
713 1454 908 1535 medicina,
924 1461 988 1524 aut
1003 1454 1090 1526 alias
1107 1477 1190 1526 cum
1207 1455 1270 1526 de·

169 1563 264 1636 lectu
281 1589 403 1640 severo
419 1576 458 1639 et
474 1569 610 1640 sincero
627 1568 746 1664 colligi
764 1577 802 1640 et
820 1569 928 1661 recipi
946 1569 1091 1662 possint.
1127 1567 1268 1642 Verum

167 1678 344 1753 instantias
361 1683 531 1754 universae
556 1705 791 1754 consensuum
817 1683 1048 1755 secretiorum
1065 1705 1137 1775 quo
1153 1685 1267 1779 magis

167 1805 252 1867 sunt
268 1798 520 1892 infrequentes,
538 1823 581 1871 eo
597 1799 731 1892 majore
748 1823 830 1870 cum
848 1797 1034 1894 diligentia
1050 1807 1134 1870 sunt
1150 1800 1268 1893 inqui·

165 1913 294 1998 rendae,
311 1937 375 2009 per
392 1917 611 2000 traditiones,
634 1924 673 1988 ct
697 1917 916 1988 narrationes
940 1915 1029 1985 fidas
1054 1923 1093 1987 et
1117 1914 1266 2007 probas;

166 2030 273 2100 modo
289 2030 357 2102 hoc
373 2031 437 2102 fiat
458 2031 590 2125 absque
609 2031 681 2103 ulla
705 2031 864 2110 levitate,
882 2037 945 2100 aut
963 2029 1186 2114 credulitate,
1203 2031 1264 2104 sed

164 2145 237 2217 lide
253 2149 359 2219 anxia
374 2157 413 2220 et
429 2149 528 2242 quasi
546 2143 833 2219 dubitabunda³⁴.

217 2261 275 2352 (ε.)
294 2259 423 2334 Restat
439 2283 629 2334 consensus
650 2283 836 2354 corporum
859 2260 968 2330 modo
990 2258 1169 2352 operandi,
1187 2267 1267 2329 tan-

164 2398 272 2468 quam
285 2376 522 2462 inartificialis,
533 2379 595 2450 sed
608 2400 674 2448 usu
687 2376 951 2471 polychrestus:
969 2376 1031 2469 qui
1044 2373 1264 2447 nullomodo

164 2492 383 2565 omittendus
393 2504 458 2578 est,
469 2493 532 2566 sed
543 2491 666 2565 sedula
676 2493 921 2566 observatione
931 2489 1206 2585 investigandus.
1227 2489 1265 2564 Is

164 2619 219 2681 cst
236 2611 344 2682 coitio
362 2613 437 2682 sive
454 2612 539 2683 unio
556 2632 742 2704 corporum
760 2608 934 2703 proclivis,
948 2619 1011 2680 aut
1029 2606 1189 2692 difficilis,
1202 2631 1266 2702 per

163 2727 457 2820 compositionem
466 2724 1017 2820 siveappositionemsimplicem.
1036 2723 1265 2796 Etenimcor·

122 2875 128 2884 ·
162 2864 249 2936 pora
258 2841 429 2914 nonnulla
439 2841 543 2915 facilc
553 2853 591 2915 ct
602 2842 755 2914 libenter
765 2843 1040 2914 commiscentur
1050 2851 1088 2913 et
1100 2842 1262 2935 incorpo-

161 2967 306 3030 rantur:
333 2957 402 3031 alia
426 2969 550 3032 autem
566 2981 659 3054 agre
676 2968 714 3030 et
731 2981 904 3052 perverse.
955 2957 1081 3030 Veluti
1100 2960 1263 3051 pulveres

160 3074 289 3147 melius
306 3077 575 3168 incorporantur
592 3097 675 3146 curn
692 3074 815 3168 aquis;
841 3073 955 3146 calces
971 3082 1009 3145 et
1026 3074 1162 3145 cineres
1178 3095 1261 3144 cum

160 3190 267 3274 oleis3
293 3200 331 3263 et
356 3193 407 3263 sic
430 3191 476 3263 de
501 3190 685 3262 similibus.
738 3189 869 3283 Neque
889 3199 1030 3261 tantum
1057 3200 1141 3262 sunt
1163 3189 1262 3262 colli-

159 3308 284 3404 gendae
307 3310 484 3380 instantiae
505 3307 758 3403 propensionis,
774 3315 839 3378 aut
857 3306 1048 3378 abusionis
1073 3330 1260 3401 corporum

159 3447 244 3522 erga
260 3425 455 3508 misturam,
474 3424 534 3498 sed
554 3426 665 3497 etiam
682 3424 926 3496 collocationis
951 3423 1117 3516 partium,
1135 3433 1173 3495 et
1190 3424 1261 3497 dis-

193 3621 220 3662 ⁸³
236 3621 295 3677 'l'hc
308 3622 417 3678 Moon’s
429 3627 446 3652 ‘⁶
456 3620 633 3685 consensua,'’
646 3620 687 3690 (1)
728 3620 760 3675 oi
767 3618 855 3674 which
872 3618 954 3674 bcliel
966 3617 1012 3673 the
1023 3627 1092 3674 term
1104 3624 1123 3650 ‘¹
1131 3619 1261 3694 Lunacy”

157 3719 195 3756 on
215 3701 449 3773 Agricultura—in
473 3717 504 3755 so
527 3701 568 3755 iar
587 3717 617 3756 as
640 3698 689 3754 she
728 3698 863 3754 isarelic.

157 3779 311 3852 isthought
321 3789 350 3835 to
362 3779 443 3850 bring
457 3777 610 3834 aeasonable
621 3795 688 3832 wea-
764 3777 791 3818 ⁸⁴
807 3776 874 3831 'l'his
892 3776 916 3832 is
935 3776 1038 3848 exactly
1055 3775 1100 3831 tha
1119 3775 1215 3848 phrase
1231 3786 1261 3834 to

157 3857 217 3913 ther
234 3867 262 3912 at
279 3857 327 3913 her
342 3857 456 3912 lull-as
474 3857 503 3911 in
521 3857 567 3912 the
585 3873 646 3912 case
661 3855 692 3911 oi
730 3856 836 3928 explain
855 3854 971 3910 Bacon's
991 3872 1052 3910 own
1072 3857 1173 3911 mental
1192 3864 1261 3912 maa

157 3936 203 3991 tha
216 3936 427 3992 Harvest-mocu
438 3936 586 4007 especially.
730 3935 830 4006 during
848 3933 1044 4004 investigabas,
1066 3939 1084 3964 ‘¹
1095 3933 1161 3990 fides
1181 3935 1261 3991 anda

193 4014 235 4085 (a)
254 4015 288 4070 ln
301 4013 535 4086 Navigation-by
547 4013 596 4068 her
607 4012 687 4068 influ-
727 4027 754 4071 aa
770 4011 991 4073 dubbabuudai'
1009 4011 1052 4068 ior
1063 4011 1158 4068 Doubt
1175 4013 1199 4069 is
1217 4029 1260 4068 aa·

156 4091 661 4157 enceontheScai.a.inthc'lldes.
727 4089 1260 4166 sentiultothebeginningciabaslthp

191 4173 233 4244 (3)
258 4171 292 4227 ln
317 4170 529 4242 Medicina-by
548 4170 597 4226 her
620 4189 686 4241 sup-
725 4169 896 4245 philosophy.

155 4250 238 4322 pooed
256 4268 345 4322 power
359 4251 388 4306 in
404 4249 501 4306 camin
517 4249 685 4321 complaints,
