3156 5176
319 331 385 396 286
647 323 821 392 NOVUM
844 320 1092 390 ortuum.

320 508 392 584 tur,
406 521 430 570 a
452 496 583 592 pusilla
599 498 802 592 quantitate
824 493 980 590 pulveris
1001 485 1141 586 pyrii⁶⁴.
1191 489 1307 582 Cujus
1323 509 1432 560 canu

320 637 384 709 pro
400 623 500 688 certa
521 613 583 686 illa
606 621 671 698 est,
688 613 786 707 qnod
805 620 929 686 motus
945 605 1164 682 dilatationis
1180 605 1353 700 pulveris,
1369 607 1431 698 qui

319 730 485 824 impellit,
519 731 644 804 multis
682 729 842 824 partibus
875 729 923 800 sit
955 725 1132 820 pernicior
1163 745 1273 816 quarn
1307 730 1430 794 motus

320 847 515 942 grarimis,
544 869 609 942 par
643 869 751 940 quom
784 845 860 918 fieri
899 843 1011 938 possit
1046 841 1167 934 aliqua
1197 840 1429 924 resistentia3

320 963 410 1034 adeo
428 971 470 1034 ut
486 963 622 1055 primus
645 969 766 1032 motus
791 960 1001 1054 perfunctus
1022 959 1079 1039 sit
1095 964 1292 1049 antequam
1307 963 1431 1028 motus

321 1080 488 1152 adrerum
514 1077 708 1172 inceperit3
739 1085 782 1149 ut
810 1078 847 1148 in
878 1075 1059 1168 principiis
1087 1071 1233 1145 nullitas
1262 1071 1430 1165 quaedam

320 1195 368 1270 cit
391 1195 611 1268 resistentia.
663 1191 761 1266 Hinc
784 1193 896 1266 etiam
911 1192 964 1275 fit,
981 1189 1077 1284 qnod
1101 1191 1140 1262 in
1165 1188 1264 1260 omni
1289 1186 1430 1273 mimili,

321 1311 414 1382 ictus
438 1318 603 1382 nontam
624 1309 802 1393 robustus,
819 1331 926 1402 quam
952 1315 1079 1382 acutus
1103 1316 1143 1378 et
1163 1304 1270 1390 celer,
1286 1306 1334 1378 ad
1350 1325 1432 1398 per·

322 1425 494 1498 lationem
514 1427 740 1520 potissimum
756 1425 883 1498 valeat.
936 1424 1068 1518 Neque
1089 1425 1201 1497 etiam
1222 1421 1302 1494 fieri
1324 1430 1431 1514 potu·

321 1545 416 1629 isset,
429 1552 471 1615 ut
487 1565 596 1638 parva
612 1543 794 1636 quantitas
812 1543 956 1636 spiritus
972 1539 1134 1612 animalis
1149 1541 1188 1610 in
1204 1536 1430 1620 animalibus,

323 1660 518 1752 praesertim
536 1660 574 1732 in
592 1669 665 1731 tam
685 1658 794 1732 rastis
810 1657 1027 1751 corporibus,
1044 1655 1163 1750 quslia
1179 1665 1264 1728 aunt
1279 1653 1430 1726 balaenn

323 1783 387 1847 aut
413 1774 607 1869 elephanti,
635 1785 773 1846 tantam
805 1773 938 1846 molem
968 1795 1173 1868 corpoream
1200 1772 1367 1844 flecteret
1392 1781 1432 1843 et

323 1901 485 1986 regerem
509 1893 578 1964 nisi
596 1900 741 1986 propter
757 1889 986 1964 velocitatem
1002 1897 1122 1962 motus
1138 1890 1294 1984 spiritis,
1310 1897 1351 1960 ot
1367 1887 1431 1959 he·

322 2007 533 2080 betudinem
558 2031 735 2102 corporeae
759 2007 875 2090 molis,
895 2015 1071 2100 quatenns
1094 2005 1142 2078 ad
1166 2003 1431 2098 expediendam

322 2145 421 2198 suam
440 2125 689 2198 resistentiam.

373 2237 552 2334 Denique,
566 2240 634 2312 hoc
653 2263 763 2312 uuum
779 2263 827 2312 ex
844 2239 1028 2334 precipuis
1044 2237 1286 2310 fundamentis
1298 2246 1356 2309 em
1368 2260 1433 2308 ax·

323 2357 603 2450 perimentornm
623 2357 853 2452 magicorum
864 2356 909 2427 de
922 2356 1050 2449 quibus
1066 2377 1153 2426 mox
1169 2355 1351 2437 dicemus;
1368 2354 1432 2424 ubi

324 2472 460 2546 scilicet
478 2496 585 2566 parra
600 2473 714 2546 moles
729 2474 889 2546 materiae
905 2471 1012 2568 longe
1031 2473 1203 2566 majorem
1218 2479 1376 2565 superat,
1392 2479 1433 2540 et

322 2591 361 2661 in
385 2589 545 2662 ordinem
570 2591 724 2685 redigit:
750 2590 820 2662 hoo
845 2591 1013 2680 inquam3
1039 2588 1169 2660 sideri
1194 2589 1308 2682 posdt
1330 2595 1434 2659 aute·

323 2704 438 2776 versio
463 2713 630 2776 motuum
654 2728 718 2798 per
736 2705 965 2778 velocitatem
988 2705 1102 2788 unius,
1119 2711 1315 2798 antequam
1339 2701 1434 2774 altor

322 2841 361 2894 se
378 2820 557 2914 expediat.

374 2935 573 3022 Postremo,
591 2937 661 3010 hoc
685 2940 803 3033 ipsum
821 2938 925 3034 prius
946 2945 985 3010 et
999 2936 1175 3032 posterius
1197 2935 1351 3008 inomni
1374 2957 1433 3008 ac·

322 3055 422 3126 tione
448 3053 600 3126 naturali
626 3055 743 3128 notari
771 3055 903 3137 debon
933 3052 1045 3125 veluti
1070 3054 1167 3146 quod
1192 3053 1231 3124 in
1253 3052 1434 3124 infusione

322 3171 527 3244 rhabarbau'
545 3172 711 3246 eliciatur
730 3174 918 3268 purgativa
933 3172 986 3243 vis
1005 3172 1111 3264 prins,
1127 3171 1312 3242 mrictira
1328 3179 1433 3264 post3

323 3287 441 3360 sinule
463 3288 633 3381 quiddam
651 3289 761 3361 ctiam
778 3291 816 3360 in
834 3289 1012 3361 infusione
1034 3286 1208 3360 violarum
1230 3289 1270 3359 in
1287 3297 1434 3359 acetum

323 3406 463 3498 experti
480 3427 624 3485 sumusr
651 3405 712 3478 nbi
731 3406 846 3499 primo
863 3407 1043 3498 excipitur
1065 3406 1182 3476 suavis
1199 3413 1239 3476 ot
1254 3403 1433 3478 delicatus

323 3518 418 3592 floris
441 3521 549 3605 odor;
573 3531 664 3616 post,
681 3545 763 3617 pars
784 3521 881 3594 floris
903 3523 1016 3617 magis
1037 3529 1163 3604 terrea,
1181 3543 1260 3614 quae
1283 3521 1433 3592 odorem

324 3636 522 3708 confundit.
575 3636 705 3732 Itaque
721 3641 752 3710 si
771 3638 1005 3710 infundantur
1022 3637 1122 3709 riolae
1138 3660 1203 3731 per
1224 3638 1322 3710 diem
1341 3640 1434 3709 inte·

323 3775 441 3848 grum,
458 3754 547 3825 odor
566 3756 682 3830 multo
699 3757 903 3852 languidius
925 3757 1123 3851 excipitur:
1150 3757 1248 3850 qnod
1265 3757 1296 3828 si
1313 3756 1434 3827 infim-

325 3867 456 3939 dantur
475 3892 540 3963 per
561 3881 699 3963 partem
717 3882 880 3968 quartam
897 3874 991 3945 horae
1013 3881 1165 3956 tantum,
1184 3883 1224 3944 et
1239 3871 1434 3944 extrahm·

325 3992 406 4070 tnr;
435 3993 473 4057 et
491 3985 590 4078 (quia
606 4011 741 4080 paucus
761 3991 975 4084 suspiritus
992 3990 1169 4073 odoratus,
1187 3992 1248 4084 qui
1272 3989 1434 4062 subsistit

360 4259 387 4301 ⁸⁴
405 4261 439 4319 ln
457 4260 611 4334 describing
628 4262 762 4338 Blasting,
777 4265 867 4321 Bncoo
887 4265 1012 4324 confusos
1029 4265 1075 4322 the
1092 4265 1235 4323 resistance
1252 4266 1284 4322 of
1302 4267 1435 4323 inermen

325 4349 390 4406 with
403 4351 462 4410 that
474 4352 506 4408 of
513 4351 625 4425 μὴ.
