3222 5148
308 347 373 410 144
634 343 809 409 NOVUM
838 344 1085 410 ORGANUM.

307 507 444 582 mas
454 531 636 604 praem
653 519 691 580 et
707 510 839 582 formae.
892 509 1089 583 Veraamar
1109 510 1206 582 enim
1226 507 1332 602 plane
1349 507 1413 580 ad·

308 624 380 696 huo
395 626 432 696 in
449 626 548 698 atriis
560 635 706 710 naturas,
717 649 833 719 neque
845 626 890 698 ad
905 627 1073 698 interiora
1085 647 1249 718 paramus
1261 624 1413 696 aditum.

307 740 362 812 At
383 763 491 813 nemo
515 765 644 835 oorpus
665 743 791 814 datum
815 765 907 814 nova
925 752 1052 815 natura
1068 743 1203 826 dotare,
1220 741 1277 814 vsl
1295 742 1332 812 in
1350 763 1415 810 no-

307 879 393 927 vum
418 879 546 950 oorpus
576 857 729 929 feliciter
756 867 796 929 ot
826 859 987 951 apposite
1016 867 1254 930 transmutare
1282 864 1413 950 potest,

308 973 376 1045 nisi
399 974 553 1066 eorporis
578 971 751 1044 alterandi
775 982 839 1044 aut
859 973 1130 1044 transformandi
1155 973 1284 1044 bonam
1301 971 1415 1042 habu-

308 1090 377 1160 erit
394 1090 571 1160 notitiam.
623 1087 667 1158 ln
690 1089 816 1160 modos
838 1090 934 1161 enim
953 1113 1061 1162 vanos
1081 1091 1247 1172 inourrot,
1264 1097 1329 1159 aut
1347 1085 1416 1158 sal·

308 1216 384 1278 tem
410 1205 570 1280 difficiles
595 1215 634 1277 et
659 1227 851 1300 perversos,
869 1229 936 1276 neo
962 1227 1026 1298 pro
1046 1206 1202 1300 eorporis
1222 1215 1359 1286 natura,
1376 1204 1414 1272 in

307 1321 404 1412 quod
436 1329 612 1413 operatur.
664 1318 793 1413 Itaque
822 1321 869 1392 ad
898 1322 966 1392 hoo
997 1323 1108 1392 etiam
1138 1322 1195 1392 ria
1223 1319 1330 1413 plane
1358 1328 1416 1390 est

308 1436 498 1530 aperienda
513 1447 552 1508 ot
568 1437 770 1509 munienda.

359 1551 485 1644 Atque
515 1553 553 1621 in
579 1553 760 1624 anatomia
787 1575 973 1646 corporum
1005 1554 1252 1648 organicorum
1280 1549 1416 1644 (qualia

308 1677 393 1742 sunt
408 1668 573 1750 hominis,
592 1677 632 1739 et
647 1667 869 1760 animalium)
882 1692 990 1762 opera
1006 1693 1090 1742 sane
1108 1679 1205 1740 racto
1222 1678 1261 1740 et
1277 1667 1416 1739 utiliter

309 1785 510 1868 insumitur,
527 1793 567 1854 et
583 1784 725 1856 videtur
747 1808 803 1856 ros
827 1785 975 1870 subtilis,
994 1796 1032 1858 et
1052 1786 1261 1858 scrutinium
1278 1793 1415 1856 naturae

309 1899 455 1972 bonum.
506 1897 562 1970 At
590 1899 660 1970 hoo
688 1923 802 1995 genus
835 1903 1022 1973 anatomia
1056 1899 1250 1994 spectabile
1280 1909 1346 1984 est,
1376 1912 1416 1970 et

310 2015 428 2086 sensui
458 2015 668 2106 subjeetum,
697 2025 735 2087 et
764 2017 801 2087 in
836 2018 1040 2111 corporibus
1070 2027 1211 2088 tantum
1240 2017 1414 2112 organicis

310 2129 428 2201 looum
445 2129 565 2202 habet.
617 2129 756 2202 Verum
774 2132 843 2204 hoo
863 2134 980 2226 ipsum
997 2133 1142 2206 obvium
1160 2133 1332 2226 quiddam
1348 2140 1414 2215 est,

310 2255 351 2318 ot
376 2249 413 2316 in
440 2255 607 2340 promptu
633 2247 753 2331 situm,
779 2272 850 2342 prae
875 2250 1054 2320 anatomia
1076 2271 1160 2320 vora
1183 2245 1416 2319 aolomatismi

310 2359 446 2433 hiantia
455 2362 491 2432 in
505 2363 718 2455 corporibus,
730 2365 995 2456 quaelrabentur
1004 2365 1310 2458 prosimilaribur;
1327 2389 1415 2458 pras·
1523 2457 1527 2466 .

310 2478 433 2549 sertim
455 2479 492 2548 in
516 2480 621 2550 robus
638 2480 859 2572 specificatis,
877 2492 1054 2553 eteorum
1070 2481 1239 2575 pertibus,
1257 2489 1300 2550 ut
1316 2481 1415 2564 ferri,

311 2593 458 2687 lapidis;
483 2604 523 2667 et
539 2595 698 2688 partibus
723 2595 936 2668 similaribus
952 2595 1092 2690 plantas,
1110 2595 1283 2680 animalis,
1300 2595 1414 2667 veluti

310 2711 447 2794 radicis,
477 2710 567 2796 folii,
597 2709 702 2792 floris,
732 2714 856 2796 oarnis,
887 2713 1078 2809 sanguinis,
1109 2714 1206 2796 ossis,
1237 2712 1304 2784 &o
1360 2711 1415 2782 At

310 2829 420 2899 etiam
436 2828 473 2898 in
490 2827 559 2899 hoo
575 2850 706 2923 genere
727 2851 799 2898 non
821 2851 963 2920 prorsus
988 2829 1137 2900 oessavit
1159 2829 1332 2900 industria
1349 2827 1416 2898 hu·

309 2966 436 3029 mana;
460 2946 529 3018 hoo
547 2947 663 3038 ipsum
677 2946 773 3016 enim
790 2946 910 3016 innuit
925 2945 1099 3039 separatio
1112 2968 1299 3039 oorporum
1317 2945 1415 3016 simi-

310 3059 436 3133 larium
454 3085 519 3158 per
535 3061 798 3144 distillationes,
816 3072 854 3132 et
874 3059 962 3131 alios
983 3061 1200 3132 solutionum
1218 3061 1356 3144 modos,
1372 3071 1416 3132 ut

309 3179 566 3252 dissimilaritas
596 3179 781 3271 compositi
812 3201 876 3272 per
910 3178 1225 3273 oongregationem
1259 3179 1414 3270 partium

309 3293 612 3390 homogenoarum
632 3303 809 3388 apparent.
861 3291 967 3377 Quod
993 3295 1102 3364 etiam
1128 3317 1174 3364 ex
1200 3317 1267 3365 usu
1293 3302 1358 3376 est,
1377 3302 1415 3364 et

310 3411 397 3482 faoit
418 3411 465 3482 ad
487 3411 525 3480 id
548 3409 643 3503 quod
661 3411 871 3501 quaerimua;
897 3408 981 3480 licet
1003 3412 1129 3501 saepius
1144 3433 1201 3482 res
1218 3409 1330 3481 fallax
1346 3411 1415 3492 sit3

310 3527 395 3619 quia
412 3524 611 3618 complures
628 3533 762 3595 tratura
786 3525 999 3618 separationi
1017 3527 1240 3618 imputantur
1256 3535 1295 3598 et
1311 3527 1415 3597 attri-

311 3637 481 3722 buuntur,
504 3661 546 3709 ao
572 3639 600 3708 si
627 3639 724 3730 prius
752 3637 993 3710 substitissent
1018 3639 1056 3708 in
1082 3640 1301 3732 composito;
1327 3661 1415 3731 quas

310 3776 433 3825 revera
455 3753 548 3847 ignis
569 3763 607 3823 et
631 3753 735 3837 calor,
753 3764 791 3825 et
814 3753 875 3824 alii
902 3753 1000 3823 modi
1016 3756 1241 3848 apertionum
1258 3754 1304 3824 de
1321 3777 1414 3826 noro

310 3869 450 3954 indunt,
468 3877 507 3940 et
529 3867 858 3963 superinducuntffl.
911 3869 983 3942 Sed
1001 3880 1040 3942 at
1056 3869 1131 3942 haeo
1149 3893 1291 3965 quoquo
1307 3893 1416 3964 parva

345 4124 371 4166 ²⁰
395 4125 436 4181 Of
461 4125 508 4181 the
535 4128 695 4199 applioation
723 4127 754 4183 oi
781 4127 840 4184 Fue
880 4137 936 4182 nrts
954 4128 986 4182 oi
1001 4127 1132 4193 lilathan
1151 4146 1205 4199 any
1216 4127 1294 4184 other
1311 4145 1413 4184 maam-

308 4204 418 4276 enough
442 4215 541 4260 cannot
563 4206 598 4262 ire
619 4205 676 4262 said
697 4207 725 4260 in
745 4207 839 4276 panias.
880 4205 939 4261 Tha
962 4207 1067 4262 ancient
1090 4205 1160 4264 iablo
1183 4207 1214 4262 ol
1238 4205 1414 4262 Pmmrthenr

310 4282 841 4340 Ithasdonsmorotoaidthsdisoore·
881 4301 971 4340 onmes
988 4285 1045 4342 into
1062 4302 1114 4340 our
1130 4283 1215 4340 mind
1250 4283 1415 4357 Agoodin·

309 4362 362 4418 rias
374 4362 405 4417 oi
413 4361 565 4436 chemiatry,
577 4361 631 4418 and
648 4371 677 4418 to
694 4361 780 4418 better
795 4362 841 4417 the
882 4372 973 4420 stante
991 4363 1022 4420 oi
1037 4363 1165 4420 thia“ds
1185 4381 1255 4420 novo
1275 4363 1374 4420 indunt
1388 4373 1415 4418 ot
