<?xml version="1.0" encoding="UTF-8"?>
<!DOCTYPE html PUBLIC "-//W3C//DTD XHTML 1.0 Transitional//EN"
    "http://www.w3.org/TR/xhtml1/DTD/xhtml1-transitional.dtd">
<html xmlns="http://www.w3.org/1999/xhtml" xml:lang="en" lang="en">
 <head>
  <title>
</title>
<meta http-equiv="Content-Type" content="text/html;charset=utf-8" />
  <meta name='ocr-system' content='tesseract 3.04.00' />
  <meta name='ocr-capabilities' content='ocr_page ocr_carea ocr_par ocr_line ocrx_word'/>
</head>
<body>
  <div class='ocr_page' id='page_1' title='image "./franciscibaconi01kitcgoog_0312.png"; bbox 0 0 3268 5146; ppageno 0'>
   <div class='ocr_carea' id='block_1_1' title="bbox 620 357 1288 442">
    <p class='ocr_par' dir='ltr' id='par_1_1' title="bbox 620 357 1288 442">
     <span class='ocr_line' id='line_1_1' title="bbox 620 357 1288 442; baseline 0.001 -19"><span class='ocrx_word' id='word_1_1' title='bbox 620 357 708 424; x_wconf 78' lang='lat' dir='ltr'><strong>nin.</strong></span> <span class='ocrx_word' id='word_1_2' title='bbox 732 357 775 424; x_wconf 89' lang='lat'><strong>11.</strong></span> <span class='ocrx_word' id='word_1_3' title='bbox 790 361 845 442; x_wconf 88' lang='grc'><strong>46.</strong></span> <span class='ocrx_word' id='word_1_4' title='bbox 1222 359 1288 424; x_wconf 73' lang='lat'><strong>283</strong></span> 
     </span>
    </p>
   </div>
   <div class='ocr_carea' id='block_1_2' title="bbox 181 515 1293 3755">
    <p class='ocr_par' dir='ltr' id='par_1_2' title="bbox 181 515 1287 1429">
     <span class='ocr_line' id='line_1_2' title="bbox 181 515 1286 614; baseline 0.001 -24"><span class='ocrx_word' id='word_1_5' title='bbox 181 519 260 590; x_wconf 87' lang='lat' dir='ltr'><strong>iooo</strong></span> <span class='ocrx_word' id='word_1_6' title='bbox 290 539 419 590; x_wconf 71' lang='lat' dir='ltr'><strong>monae.</strong></span> <span class='ocrx_word' id='word_1_7' title='bbox 474 515 544 589; x_wconf 82' lang='lat' dir='ltr'><strong>Ese</strong></span> <span class='ocrx_word' id='word_1_8' title='bbox 572 529 779 592; x_wconf 77' lang='lat' dir='ltr'><strong>mensurant</strong></span> <span class='ocrx_word' id='word_1_9' title='bbox 812 525 977 592; x_wconf 84' lang='lat' dir='ltr'><strong>nuturnm</strong></span> <span class='ocrx_word' id='word_1_10' title='bbox 1007 541 1071 614; x_wconf 91' lang='lat' dir='ltr'><strong>per</strong></span> <span class='ocrx_word' id='word_1_11' title='bbox 1100 529 1286 591; x_wconf 80' lang='lat' dir='ltr'><strong>momento</strong></span> 
     </span>
     <span class='ocr_line' id='line_1_3' title="bbox 181 635 1285 736; baseline 0 -27"><span class='ocrx_word' id='word_1_12' title='bbox 181 636 360 728; x_wconf 84' lang='lat' dir='ltr'><strong>temporis,</strong></span> <span class='ocrx_word' id='word_1_13' title='bbox 387 635 688 727; x_wconf 75' lang='lat' dir='ltr'><strong>quemadmodum</strong></span> <span class='ocrx_word' id='word_1_14' title='bbox 718 637 897 710; x_wconf 70' lang='lat' dir='ltr'><strong>immoto</strong></span> <span class='ocrx_word' id='word_1_15' title='bbox 924 636 1035 736; x_wconf 74' lang='lat' dir='ltr'><strong>oirpce</strong></span> <span class='ocrx_word' id='word_1_16' title='bbox 1062 660 1125 731; x_wconf 88' lang='lat' dir='ltr'><strong>por</strong></span> <span class='ocrx_word' id='word_1_17' title='bbox 1153 637 1285 733; x_wconf 72' lang='lat' dir='ltr'><strong>gradus</strong></span> 
     </span>
     <span class='ocr_line' id='line_1_4' title="bbox 182 750 1287 847; baseline 0.004 -25"><span class='ocrx_word' id='word_1_18' title='bbox 182 752 297 847; x_wconf 76' lang='lat' dir='ltr'><strong>spotii</strong></span> <span class='ocrx_word' id='word_1_19' title='bbox 348 750 476 824; x_wconf 86' lang='lat' dir='ltr'><strong>Omnis</strong></span> <span class='ocrx_word' id='word_1_20' title='bbox 500 753 596 825; x_wconf 87' lang='lat' dir='ltr'><strong>enim</strong></span> <span class='ocrx_word' id='word_1_21' title='bbox 622 763 740 826; x_wconf 81' lang='lat' dir='ltr'><strong>motus</strong></span> <span class='ocrx_word' id='word_1_22' title='bbox 765 755 841 826; x_wconf 84' lang='lat' dir='ltr'><strong>sive</strong></span> <span class='ocrx_word' id='word_1_23' title='bbox 866 754 960 826; x_wconf 79' lang='lat' dir='ltr'><strong>notio</strong></span> <span class='ocrx_word' id='word_1_24' title='bbox 985 753 1156 826; x_wconf 74' lang='lat' dir='ltr'><strong>naturalis</strong></span> <span class='ocrx_word' id='word_1_25' title='bbox 1172 763 1287 826; x_wconf 76' lang='lat' dir='ltr'><strong>truns-</strong></span> 
     </span>
     <span class='ocr_line' id='line_1_5' title="bbox 183 869 1284 964; baseline 0 -22"><span class='ocrx_word' id='word_1_26' title='bbox 183 871 293 964; x_wconf 79' lang='lat' dir='ltr'>igitur</span> <span class='ocrx_word' id='word_1_27' title='bbox 320 869 358 940; x_wconf 93' lang='lat' dir='ltr'><strong>iu</strong></span> <span class='ocrx_word' id='word_1_28' title='bbox 387 877 568 962; x_wconf 81' lang='lat' dir='ltr'><strong>tempore3</strong></span> <span class='ocrx_word' id='word_1_29' title='bbox 604 869 695 942; x_wconf 75' lang='lat' dir='ltr'><strong>eiius</strong></span> <span class='ocrx_word' id='word_1_30' title='bbox 725 869 891 955; x_wconf 80' lang='lat' dir='ltr'><strong>velotius,</strong></span> <span class='ocrx_word' id='word_1_31' title='bbox 920 870 1010 943; x_wconf 84' lang='lat' dir='ltr'><strong>olins</strong></span> <span class='ocrx_word' id='word_1_32' title='bbox 1043 871 1188 954; x_wconf 66' lang='lat' dir='ltr'><strong>tordius</strong></span> <span class='ocrx_word' id='word_1_33' title='bbox 1220 871 1284 942; x_wconf 84' lang='lat' dir='ltr'><strong>sed</strong></span> 
     </span>
     <span class='ocr_line' id='line_1_6' title="bbox 183 985 1285 1079; baseline 0 -21"><span class='ocrx_word' id='word_1_34' title='bbox 183 995 366 1079; x_wconf 82' lang='lat' dir='ltr'><strong>uteunque</strong></span> <span class='ocrx_word' id='word_1_35' title='bbox 381 987 574 1058; x_wconf 86' lang='lat' dir='ltr'><strong>momentis</strong></span> <span class='ocrx_word' id='word_1_36' title='bbox 590 989 705 1070; x_wconf 82' lang='lat' dir='ltr'><strong>uertis,</strong></span> <span class='ocrx_word' id='word_1_37' title='bbox 723 997 763 1060; x_wconf 91' lang='lat' dir='ltr'><strong>et</strong></span> <span class='ocrx_word' id='word_1_38' title='bbox 778 996 912 1058; x_wconf 76' lang='lat' dir='ltr'><strong>nature</strong></span> <span class='ocrx_word' id='word_1_39' title='bbox 929 988 1034 1059; x_wconf 88' lang='lat' dir='ltr'><strong>notis.</strong></span> <span class='ocrx_word' id='word_1_40' title='bbox 1076 985 1196 1058; x_wconf 72' lang='lat' dir='ltr'><strong>Etiam</strong></span> <span class='ocrx_word' id='word_1_41' title='bbox 1215 987 1285 1059; x_wconf 83' lang='lat' dir='ltr'><strong>illae</strong></span> 
     </span>
     <span class='ocr_line' id='line_1_7' title="bbox 183 1103 1283 1197; baseline -0.002 -21"><span class='ocrx_word' id='word_1_42' title='bbox 183 1103 447 1194; x_wconf 65' lang='lat' dir='ltr'><strong>artiumque</strong></span> <span class='ocrx_word' id='word_1_43' title='bbox 468 1103 585 1174; x_wconf 87' lang='lat' dir='ltr'><strong>subito</strong></span> <span class='ocrx_word' id='word_1_44' title='bbox 607 1104 775 1176; x_wconf 85' lang='lat' dir='ltr'><strong>videntur</strong></span> <span class='ocrx_word' id='word_1_45' title='bbox 794 1104 941 1197; x_wconf 82' lang='lat' dir='ltr'><strong>operari,</strong></span> <span class='ocrx_word' id='word_1_46' title='bbox 965 1111 1004 1175; x_wconf 89' lang='lat' dir='ltr'><strong>et</strong></span> <span class='ocrx_word' id='word_1_47' title='bbox 1024 1103 1062 1174; x_wconf 91' lang='lat' dir='ltr'><strong>in</strong></span> <span class='ocrx_word' id='word_1_48' title='bbox 1087 1103 1161 1175; x_wconf 90' lang='lat' dir='ltr'><strong>iotu</strong></span> <span class='ocrx_word' id='word_1_49' title='bbox 1188 1103 1283 1176; x_wconf 86' lang='lat' dir='ltr'><strong>oenli</strong></span> 
     </span>
     <span class='ocr_line' id='line_1_8' title="bbox 185 1217 1286 1314; baseline 0.002 -24"><span class='ocrx_word' id='word_1_50' title='bbox 185 1218 241 1311; x_wconf 80' lang='lat' dir='ltr'><strong>(ut</strong></span> <span class='ocrx_word' id='word_1_51' title='bbox 258 1217 461 1311; x_wconf 85' lang='lat' dir='ltr'><strong>loquimur),</strong></span> <span class='ocrx_word' id='word_1_52' title='bbox 478 1219 794 1313; x_wconf 85' lang='lat' dir='ltr'><strong>deprehenduntnr</strong></span> <span class='ocrx_word' id='word_1_53' title='bbox 809 1222 966 1314; x_wconf 76' lang='lat' dir='ltr'><strong>recipere</strong></span> <span class='ocrx_word' id='word_1_54' title='bbox 983 1221 1097 1313; x_wconf 81' lang='lat' dir='ltr'><strong>majus</strong></span> <span class='ocrx_word' id='word_1_55' title='bbox 1113 1227 1151 1291; x_wconf 86' lang='lat' dir='ltr'><strong>et</strong></span> <span class='ocrx_word' id='word_1_56' title='bbox 1168 1222 1286 1292; x_wconf 83' lang='lat' dir='ltr'><strong>minus</strong></span> 
     </span>
     <span class='ocr_line' id='line_1_9' title="bbox 185 1335 473 1429; baseline -0.007 -22"><span class='ocrx_word' id='word_1_57' title='bbox 185 1335 302 1429; x_wconf 85' lang='lat' dir='ltr'><strong>quood</strong></span> <span class='ocrx_word' id='word_1_58' title='bbox 319 1343 473 1428; x_wconf 86' lang='lat' dir='ltr'><strong>tempus.</strong></span> 
     </span>
    </p>

    <p class='ocr_par' dir='ltr' id='par_1_3' title="bbox 185 1447 1293 3755">
     <span class='ocr_line' id='line_1_10' title="bbox 235 1447 1288 1544; baseline 0.002 -24"><span class='ocrx_word' id='word_1_59' title='bbox 235 1447 357 1520; x_wconf 92' lang='lat' dir='ltr'><strong>Primo</strong></span> <span class='ocrx_word' id='word_1_60' title='bbox 382 1450 504 1543; x_wconf 76' lang='lat' dir='ltr'><strong>itaque</strong></span> <span class='ocrx_word' id='word_1_61' title='bbox 529 1450 700 1535; x_wconf 85' lang='lat' dir='ltr'><strong>ridemus,</strong></span> <span class='ocrx_word' id='word_1_62' title='bbox 729 1452 973 1524; x_wconf 75' lang='lat' dir='ltr'><strong>restitutiones</strong></span> <span class='ocrx_word' id='word_1_63' title='bbox 998 1471 1186 1544; x_wconf 79' lang='lat' dir='ltr'><strong>eorpomm</strong></span> <span class='ocrx_word' id='word_1_64' title='bbox 1216 1473 1288 1522; x_wconf 84' lang='lat' dir='ltr'><strong>ooe-</strong></span> 
     </span>
     <span class='ocr_line' id='line_1_11' title="bbox 186 1565 1287 1660; baseline 0 -20"><span class='ocrx_word' id='word_1_65' title='bbox 186 1566 329 1640; x_wconf 77' lang='lat' dir='ltr'><strong>lentium</strong></span> <span class='ocrx_word' id='word_1_66' title='bbox 350 1566 427 1639; x_wconf 88' lang='lat' dir='ltr'><strong>iieri</strong></span> <span class='ocrx_word' id='word_1_67' title='bbox 457 1589 521 1660; x_wconf 83' lang='lat' dir='ltr'><strong>per</strong></span> <span class='ocrx_word' id='word_1_68' title='bbox 549 1576 711 1660; x_wconf 85' lang='lat' dir='ltr'><strong>temporo</strong></span> <span class='ocrx_word' id='word_1_69' title='bbox 738 1565 1223 1650; x_wconf 74' lang='lat' dir='ltr'><strong>numerata;otian1fluxus</strong></span> <span class='ocrx_word' id='word_1_70' title='bbox 1248 1577 1287 1639; x_wconf 85' lang='lat' dir='ltr'><strong>et</strong></span> 
     </span>
     <span class='ocr_line' id='line_1_12' title="bbox 185 1681 1286 1778; baseline 0 -22"><span class='ocrx_word' id='word_1_71' title='bbox 185 1682 344 1756; x_wconf 69' lang='lat' dir='ltr'><strong>refluxio</strong></span> <span class='ocrx_word' id='word_1_72' title='bbox 366 1684 483 1754; x_wconf 82' lang='lat' dir='ltr'><strong>moris.</strong></span> <span class='ocrx_word' id='word_1_73' title='bbox 536 1681 640 1755; x_wconf 73' lang='lat' dir='ltr'><strong>letio</strong></span> <span class='ocrx_word' id='word_1_74' title='bbox 666 1691 788 1756; x_wconf 76' lang='lat' dir='ltr'><strong>entem</strong></span> <span class='ocrx_word' id='word_1_75' title='bbox 811 1685 973 1778; x_wconf 77' lang='lat' dir='ltr'><strong>gravium</strong></span> <span class='ocrx_word' id='word_1_76' title='bbox 997 1705 1118 1755; x_wconf 81' lang='lat' dir='ltr'><strong>versos</strong></span> <span class='ocrx_word' id='word_1_77' title='bbox 1143 1693 1286 1770; x_wconf 83' lang='lat' dir='ltr'><strong>terrem,</strong></span> 
     </span>
     <span class='ocr_line' id='line_1_13' title="bbox 186 1796 1289 1894; baseline 0.003 -24"><span class='ocrx_word' id='word_1_78' title='bbox 186 1806 225 1870; x_wconf 88' lang='lat' dir='ltr'><strong>et</strong></span> <span class='ocrx_word' id='word_1_79' title='bbox 254 1797 387 1870; x_wconf 83' lang='lat' dir='ltr'><strong>lovium</strong></span> <span class='ocrx_word' id='word_1_80' title='bbox 414 1818 536 1870; x_wconf 83' lang='lat' dir='ltr'><strong>versus</strong></span> <span class='ocrx_word' id='word_1_81' title='bbox 562 1799 737 1870; x_wconf 76' lang='lat' dir='ltr'><strong>ambitum</strong></span> <span class='ocrx_word' id='word_1_82' title='bbox 764 1796 896 1884; x_wconf 64' lang='lat' dir='ltr'><strong>eoeliffl,</strong></span> <span class='ocrx_word' id='word_1_83' title='bbox 924 1800 966 1872; x_wconf 87' lang='lat' dir='ltr'><strong>fit</strong></span> <span class='ocrx_word' id='word_1_84' title='bbox 994 1821 1058 1894; x_wconf 86' lang='lat' dir='ltr'><strong>por</strong></span> <span class='ocrx_word' id='word_1_85' title='bbox 1087 1807 1184 1872; x_wconf 86' lang='lat' dir='ltr'><strong>oertu</strong></span> <span class='ocrx_word' id='word_1_86' title='bbox 1212 1823 1289 1874; x_wconf 88' lang='lat' dir='ltr'><strong>mo-</strong></span> 
     </span>
     <span class='ocr_line' id='line_1_14' title="bbox 186 1915 1287 2008; baseline 0.002 -22"><span class='ocrx_word' id='word_1_87' title='bbox 186 1922 319 2000; x_wconf 84' lang='lat' dir='ltr'><strong>mento,</strong></span> <span class='ocrx_word' id='word_1_88' title='bbox 336 1935 401 2006; x_wconf 90' lang='lat' dir='ltr'><strong>pro</strong></span> <span class='ocrx_word' id='word_1_89' title='bbox 419 1915 558 1986; x_wconf 78' lang='lat' dir='ltr'><strong>ratione</strong></span> <span class='ocrx_word' id='word_1_90' title='bbox 578 1916 733 2008; x_wconf 83' lang='lat' dir='ltr'><strong>eorporis</strong></span> <span class='ocrx_word' id='word_1_91' title='bbox 749 1917 845 2008; x_wconf 91' lang='lat' dir='ltr'><strong>qnod</strong></span> <span class='ocrx_word' id='word_1_92' title='bbox 864 1915 984 1998; x_wconf 79' lang='lat' dir='ltr'><strong>iertm,</strong></span> <span class='ocrx_word' id='word_1_93' title='bbox 1003 1924 1042 1988; x_wconf 87' lang='lat' dir='ltr'><strong>et</strong></span> <span class='ocrx_word' id='word_1_94' title='bbox 1059 1917 1180 1988; x_wconf 84' lang='lat' dir='ltr'><strong>modii.</strong></span> <span class='ocrx_word' id='word_1_95' title='bbox 1231 1916 1287 1988; x_wconf 85' lang='lat' dir='ltr'><strong>At</strong></span> 
     </span>
     <span class='ocr_line' id='line_1_15' title="bbox 186 2029 1286 2126; baseline 0.004 -26"><span class='ocrx_word' id='word_1_96' title='bbox 186 2029 442 2102; x_wconf 81' lang='lat' dir='ltr'><strong>relidentiones</strong></span> <span class='ocrx_word' id='word_1_97' title='bbox 474 2030 629 2115; x_wconf 86' lang='lat' dir='ltr'><strong>nuvium,</strong></span> <span class='ocrx_word' id='word_1_98' title='bbox 662 2039 782 2104; x_wconf 86' lang='lat' dir='ltr'><strong>motus</strong></span> <span class='ocrx_word' id='word_1_99' title='bbox 817 2030 1034 2116; x_wconf 76' lang='lat' dir='ltr'><strong>animalium,</strong></span> <span class='ocrx_word' id='word_1_100' title='bbox 1068 2033 1286 2126; x_wconf 72' lang='lat' dir='ltr'><strong>perlationes</strong></span> 
     </span>
     <span class='ocr_line' id='line_1_16' title="bbox 186 2145 1287 2242; baseline 0.002 -24"><span class='ocrx_word' id='word_1_101' title='bbox 186 2145 385 2229; x_wconf 73' lang='lat' dir='ltr'><strong>missilium,</strong></span> <span class='ocrx_word' id='word_1_102' title='bbox 409 2168 533 2218; x_wconf 85' lang='lat' dir='ltr'><strong>omnes</strong></span> <span class='ocrx_word' id='word_1_103' title='bbox 557 2145 649 2219; x_wconf 90' lang='lat' dir='ltr'><strong>fiunt</strong></span> <span class='ocrx_word' id='word_1_104' title='bbox 670 2145 796 2218; x_wconf 88' lang='lat' dir='ltr'><strong>itidem</strong></span> <span class='ocrx_word' id='word_1_105' title='bbox 822 2167 886 2241; x_wconf 89' lang='lat' dir='ltr'><strong>per</strong></span> <span class='ocrx_word' id='word_1_106' title='bbox 910 2155 1073 2242; x_wconf 80' lang='lat' dir='ltr'><strong>tempore</strong></span> <span class='ocrx_word' id='word_1_107' title='bbox 1098 2147 1287 2242; x_wconf 77' lang='lat' dir='ltr'><strong>(qusntum</strong></span> 
     </span>
     <span class='ocr_line' id='line_1_17' title="bbox 186 2261 1288 2357; baseline 0.002 -23"><span class='ocrx_word' id='word_1_108' title='bbox 186 2262 233 2334; x_wconf 83' lang='lat' dir='ltr'><strong>nd</strong></span> <span class='ocrx_word' id='word_1_109' title='bbox 258 2262 427 2356; x_wconf 79' lang='lat' dir='ltr'><strong>summes)</strong></span> <span class='ocrx_word' id='word_1_110' title='bbox 447 2263 690 2335; x_wconf 76' lang='lat' dir='ltr'><strong>numerabilia.</strong></span> <span class='ocrx_word' id='word_1_111' title='bbox 742 2261 907 2336; x_wconf 79' lang='lat' dir='ltr'><strong>Calorem</strong></span> <span class='ocrx_word' id='word_1_112' title='bbox 924 2285 1009 2335; x_wconf 85' lang='lat' dir='ltr'><strong>voro</strong></span> <span class='ocrx_word' id='word_1_113' title='bbox 1024 2265 1121 2357; x_wconf 89' lang='lat' dir='ltr'><strong>quod</strong></span> <span class='ocrx_word' id='word_1_114' title='bbox 1145 2266 1288 2348; x_wconf 81' lang='lat' dir='ltr'><strong>attinet,</strong></span> 
     </span>
     <span class='ocr_line' id='line_1_18' title="bbox 186 2378 1288 2474; baseline 0.002 -24"><span class='ocrx_word' id='word_1_115' title='bbox 186 2379 350 2450; x_wconf 84' lang='lat' dir='ltr'><strong>ridemus</strong></span> <span class='ocrx_word' id='word_1_116' title='bbox 365 2401 493 2472; x_wconf 82' lang='lat' dir='ltr'><strong>pueros</strong></span> <span class='ocrx_word' id='word_1_117' title='bbox 517 2401 580 2472; x_wconf 87' lang='lat' dir='ltr'><strong>per</strong></span> <span class='ocrx_word' id='word_1_118' title='bbox 601 2378 767 2474; x_wconf 82' lang='lat' dir='ltr'><strong>hyemem</strong></span> <span class='ocrx_word' id='word_1_119' title='bbox 790 2401 917 2452; x_wconf 82' lang='lat' dir='ltr'><strong>monne</strong></span> <span class='ocrx_word' id='word_1_120' title='bbox 939 2381 977 2450; x_wconf 94' lang='lat' dir='ltr'><strong>in</strong></span> <span class='ocrx_word' id='word_1_121' title='bbox 1000 2379 1144 2452; x_wconf 74' lang='lat' dir='ltr'><strong>flammo</strong></span> <span class='ocrx_word' id='word_1_122' title='bbox 1159 2381 1288 2465; x_wconf 81' lang='lat' dir='ltr'><strong>lavore,</strong></span> 
     </span>
     <span class='ocr_line' id='line_1_19' title="bbox 187 2495 1289 2590; baseline 0.001 -22"><span class='ocrx_word' id='word_1_123' title='bbox 187 2517 254 2568; x_wconf 87' lang='lat' dir='ltr'><strong>neo</strong></span> <span class='ocrx_word' id='word_1_124' title='bbox 275 2503 398 2567; x_wconf 72' lang='lat' dir='ltr'><strong>tumen</strong></span> <span class='ocrx_word' id='word_1_125' title='bbox 418 2495 494 2580; x_wconf 90' lang='lat' dir='ltr'><strong>uri;</strong></span> <span class='ocrx_word' id='word_1_126' title='bbox 520 2503 559 2567; x_wconf 87' lang='lat' dir='ltr'><strong>et</strong></span> <span class='ocrx_word' id='word_1_127' title='bbox 568 2495 786 2590; x_wconf 76' lang='lat' dir='ltr'><strong>Joouletores</strong></span> <span class='ocrx_word' id='word_1_128' title='bbox 804 2518 887 2568; x_wconf 79' lang='lat' dir='ltr'><strong>ruso</strong></span> <span class='ocrx_word' id='word_1_129' title='bbox 902 2496 1009 2590; x_wconf 85' lang='lat' dir='ltr'><strong>plene</strong></span> <span class='ocrx_word' id='word_1_130' title='bbox 1024 2497 1107 2569; x_wconf 89' lang='lat' dir='ltr'><strong>vino</strong></span> <span class='ocrx_word' id='word_1_131' title='bbox 1123 2497 1181 2570; x_wconf 85' lang='lat' dir='ltr'><strong>rel</strong></span> <span class='ocrx_word' id='word_1_132' title='bbox 1197 2519 1289 2590; x_wconf 82' lang='lat' dir='ltr'><strong>uque</strong></span> 
     </span>
     <span class='ocr_line' id='line_1_20' title="bbox 188 2611 1287 2708; baseline 0.002 -26"><span class='ocrx_word' id='word_1_133' title='bbox 188 2633 253 2708; x_wconf 81' lang='lat' dir='ltr'><strong>por</strong></span> <span class='ocrx_word' id='word_1_134' title='bbox 268 2622 386 2683; x_wconf 86' lang='lat' dir='ltr'><strong>motus</strong></span> <span class='ocrx_word' id='word_1_135' title='bbox 401 2611 513 2707; x_wconf 73' lang='lat' dir='ltr'><strong>agiles</strong></span> <span class='ocrx_word' id='word_1_136' title='bbox 529 2623 568 2684; x_wconf 84' lang='lat' dir='ltr'><strong>et</strong></span> <span class='ocrx_word' id='word_1_137' title='bbox 584 2612 736 2706; x_wconf 74' lang='lat' dir='ltr'><strong>equuleo</strong></span> <span class='ocrx_word' id='word_1_138' title='bbox 752 2617 891 2686; x_wconf 85' lang='lat' dir='ltr'><strong>vertere</strong></span> <span class='ocrx_word' id='word_1_139' title='bbox 907 2613 1081 2698; x_wconf 82' lang='lat' dir='ltr'><strong>deorsum,</strong></span> <span class='ocrx_word' id='word_1_140' title='bbox 1092 2622 1131 2687; x_wconf 89' lang='lat' dir='ltr'><strong>et</strong></span> <span class='ocrx_word' id='word_1_141' title='bbox 1147 2635 1287 2686; x_wconf 82' lang='lat' dir='ltr'><strong>sursum</strong></span> 
     </span>
     <span class='ocr_line' id='line_1_21' title="bbox 187 2727 1287 2825; baseline 0.001 -27"><span class='ocrx_word' id='word_1_142' title='bbox 187 2749 406 2822; x_wconf 82' lang='lat' dir='ltr'><strong>reonperoro,</strong></span> <span class='ocrx_word' id='word_1_143' title='bbox 434 2747 507 2799; x_wconf 91' lang='lat' dir='ltr'><strong>non</strong></span> <span class='ocrx_word' id='word_1_144' title='bbox 537 2727 649 2801; x_wconf 77' lang='lat' dir='ltr'><strong>effluo</strong></span> <span class='ocrx_word' id='word_1_145' title='bbox 679 2728 837 2823; x_wconf 80' lang='lat' dir='ltr'><strong>liquore3</strong></span> <span class='ocrx_word' id='word_1_146' title='bbox 863 2737 901 2802; x_wconf 88' lang='lat' dir='ltr'><strong>et</strong></span> <span class='ocrx_word' id='word_1_147' title='bbox 929 2729 1045 2802; x_wconf 78' lang='lat' dir='ltr'><strong>multe</strong></span> <span class='ocrx_word' id='word_1_148' title='bbox 1073 2730 1287 2825; x_wconf 87' lang='lat' dir='ltr'><strong>hujusmodi.</strong></span> 
     </span>
     <span class='ocr_line' id='line_1_22' title="bbox 189 2845 1292 2941; baseline 0.002 -24"><span class='ocrx_word' id='word_1_149' title='bbox 189 2845 269 2917; x_wconf 85' lang='lat' dir='ltr'><strong>Neo</strong></span> <span class='ocrx_word' id='word_1_150' title='bbox 285 2846 403 2916; x_wconf 86' lang='lat' dir='ltr'><strong>minus</strong></span> <span class='ocrx_word' id='word_1_151' title='bbox 419 2847 503 2938; x_wconf 74' lang='lat' dir='ltr'><strong>ipsu</strong></span> <span class='ocrx_word' id='word_1_152' title='bbox 520 2848 806 2940; x_wconf 82' lang='lat' dir='ltr'><strong>compressiones,</strong></span> <span class='ocrx_word' id='word_1_153' title='bbox 823 2855 863 2918; x_wconf 85' lang='lat' dir='ltr'><strong>et</strong></span> <span class='ocrx_word' id='word_1_154' title='bbox 879 2846 1113 2932; x_wconf 77' lang='lat' dir='ltr'><strong>dilatationes,</strong></span> <span class='ocrx_word' id='word_1_155' title='bbox 1131 2856 1171 2919; x_wconf 87' lang='lat' dir='ltr'><strong>et</strong></span> <span class='ocrx_word' id='word_1_156' title='bbox 1186 2869 1292 2941; x_wconf 89' lang='lat' dir='ltr'><strong>erup·</strong></span> 
     </span>
     <span class='ocr_line' id='line_1_23' title="bbox 189 2961 1291 3057; baseline -0.002 -19"><span class='ocrx_word' id='word_1_157' title='bbox 189 2963 305 3038; x_wconf 81' lang='lat' dir='ltr'><strong>tiones</strong></span> <span class='ocrx_word' id='word_1_158' title='bbox 330 2982 517 3054; x_wconf 80' lang='lat' dir='ltr'><strong>corporum</strong></span> <span class='ocrx_word' id='word_1_159' title='bbox 541 2961 643 3046; x_wconf 83' lang='lat' dir='ltr'><strong>flunt,</strong></span> <span class='ocrx_word' id='word_1_160' title='bbox 666 2961 744 3034; x_wconf 71' lang='lat' dir='ltr'><strong>alie</strong></span> <span class='ocrx_word' id='word_1_161' title='bbox 767 2961 934 3046; x_wconf 81' lang='lat' dir='ltr'><strong>velocius,</strong></span> <span class='ocrx_word' id='word_1_162' title='bbox 957 2962 1035 3034; x_wconf 83' lang='lat' dir='ltr'><strong>uliae</strong></span> <span class='ocrx_word' id='word_1_163' title='bbox 1059 2965 1205 3048; x_wconf 78' lang='lat' dir='ltr'><strong>tordius,</strong></span> <span class='ocrx_word' id='word_1_164' title='bbox 1226 2985 1291 3057; x_wconf 93' lang='lat' dir='ltr'><strong>pro</strong></span> 
     </span>
     <span class='ocr_line' id='line_1_24' title="bbox 188 3078 1290 3172; baseline 0.001 -22"><span class='ocrx_word' id='word_1_165' title='bbox 188 3083 316 3150; x_wconf 83' lang='lat' dir='ltr'><strong>nutum</strong></span> <span class='ocrx_word' id='word_1_166' title='bbox 350 3078 505 3171; x_wconf 83' lang='lat' dir='ltr'><strong>eorporis</strong></span> <span class='ocrx_word' id='word_1_167' title='bbox 534 3085 573 3150; x_wconf 86' lang='lat' dir='ltr'><strong>et</strong></span> <span class='ocrx_word' id='word_1_168' title='bbox 605 3087 734 3163; x_wconf 68' lang='lat' dir='ltr'><strong>motus</strong></span> <span class='ocrx_word' id='word_1_169' title='bbox 769 3078 832 3150; x_wconf 84' lang='lat' dir='ltr'><strong>sed</strong></span> <span class='ocrx_word' id='word_1_170' title='bbox 867 3099 932 3172; x_wconf 86' lang='lat' dir='ltr'><strong>per</strong></span> <span class='ocrx_word' id='word_1_171' title='bbox 967 3089 1151 3151; x_wconf 79' lang='lat' dir='ltr'><strong>momento</strong></span> <span class='ocrx_word' id='word_1_172' title='bbox 1182 3089 1290 3151; x_wconf 72' lang='lat' dir='ltr'><strong>certo</strong></span> 
     </span>
     <span class='ocr_line' id='line_1_25' title="bbox 188 3193 1290 3288; baseline 0.001 -24"><span class='ocrx_word' id='word_1_173' title='bbox 188 3193 398 3278; x_wconf 82' lang='lat' dir='ltr'><strong>Quinotium</strong></span> <span class='ocrx_word' id='word_1_174' title='bbox 420 3195 459 3265; x_wconf 93' lang='lat' dir='ltr'><strong>in</strong></span> <span class='ocrx_word' id='word_1_175' title='bbox 481 3195 687 3288; x_wconf 67' lang='lat' dir='ltr'><strong>expletione</strong></span> <span class='ocrx_word' id='word_1_176' title='bbox 710 3195 865 3288; x_wconf 86' lang='lat' dir='ltr'><strong>plurium</strong></span> <span class='ocrx_word' id='word_1_177' title='bbox 882 3193 1156 3266; x_wconf 74' lang='lat' dir='ltr'><strong>bombardorum</strong></span> <span class='ocrx_word' id='word_1_178' title='bbox 1173 3193 1290 3278; x_wconf 87' lang='lat' dir='ltr'><strong>simui,</strong></span> 
     </span>
     <span class='ocr_line' id='line_1_26' title="bbox 189 3309 1291 3406; baseline 0 -24"><span class='ocrx_word' id='word_1_179' title='bbox 189 3333 270 3404; x_wconf 85' lang='lat' dir='ltr'><strong>quae</strong></span> <span class='ocrx_word' id='word_1_180' title='bbox 298 3310 538 3383; x_wconf 77' lang='lat' dir='ltr'><strong>exaudiuntur</strong></span> <span class='ocrx_word' id='word_1_181' title='bbox 566 3313 778 3404; x_wconf 69' lang='lat' dir='ltr'><strong>quandoque</strong></span> <span class='ocrx_word' id='word_1_182' title='bbox 815 3309 861 3382; x_wconf 87' lang='lat' dir='ltr'><strong>od</strong></span> <span class='ocrx_word' id='word_1_183' title='bbox 899 3310 1104 3384; x_wconf 73' lang='lat' dir='ltr'><strong>distantiam</strong></span> <span class='ocrx_word' id='word_1_184' title='bbox 1143 3311 1291 3406; x_wconf 79' lang='lat' dir='ltr'><strong>triginta</strong></span> 
     </span>
     <span class='ocr_line' id='line_1_27' title="bbox 189 3425 1293 3522; baseline -0.003 -22"><span class='ocrx_word' id='word_1_185' title='bbox 189 3425 406 3510; x_wconf 76' lang='lat' dir='ltr'><strong>milliarium,</strong></span> <span class='ocrx_word' id='word_1_186' title='bbox 435 3428 631 3522; x_wconf 85' lang='lat' dir='ltr'><strong>percipitur</strong></span> <span class='ocrx_word' id='word_1_187' title='bbox 657 3449 766 3500; x_wconf 82' lang='lat' dir='ltr'><strong>sonus</strong></span> <span class='ocrx_word' id='word_1_188' title='bbox 794 3427 891 3521; x_wconf 81' lang='lat' dir='ltr'><strong>prius</strong></span> <span class='ocrx_word' id='word_1_189' title='bbox 929 3428 974 3499; x_wconf 85' lang='lat' dir='ltr'><strong>nb</strong></span> <span class='ocrx_word' id='word_1_190' title='bbox 1009 3427 1062 3512; x_wconf 85' lang='lat' dir='ltr'><strong>iis,</strong></span> <span class='ocrx_word' id='word_1_191' title='bbox 1092 3427 1153 3520; x_wconf 86' lang='lat' dir='ltr'><strong>qui</strong></span> <span class='ocrx_word' id='word_1_192' title='bbox 1183 3447 1293 3521; x_wconf 91' lang='lat' dir='ltr'><strong>prope</strong></span> 
     </span>
     <span class='ocr_line' id='line_1_28' title="bbox 188 3541 1292 3640; baseline -0.002 -26"><span class='ocrx_word' id='word_1_193' title='bbox 188 3542 322 3624; x_wconf 74' lang='lat' dir='ltr'><strong>obsunt</strong></span> <span class='ocrx_word' id='word_1_194' title='bbox 345 3565 367 3614; x_wconf 80' lang='lat' dir='ltr'><strong>e</strong></span> <span class='ocrx_word' id='word_1_195' title='bbox 392 3541 470 3615; x_wconf 83' lang='lat' dir='ltr'><strong>loeo</strong></span> <span class='ocrx_word' id='word_1_196' title='bbox 495 3544 558 3615; x_wconf 90' lang='lat' dir='ltr'><strong>obi</strong></span> <span class='ocrx_word' id='word_1_197' title='bbox 584 3543 626 3616; x_wconf 85' lang='lat' dir='ltr'><strong>iit</strong></span> <span class='ocrx_word' id='word_1_198' title='bbox 650 3545 797 3627; x_wconf 82' lang='lat' dir='ltr'><strong>sonitus,</strong></span> <span class='ocrx_word' id='word_1_199' title='bbox 814 3565 923 3637; x_wconf 81' lang='lat' dir='ltr'><strong>qoam</strong></span> <span class='ocrx_word' id='word_1_200' title='bbox 948 3544 994 3615; x_wconf 86' lang='lat' dir='ltr'><strong>nb</strong></span> <span class='ocrx_word' id='word_1_201' title='bbox 1018 3544 1072 3628; x_wconf 89' lang='lat' dir='ltr'><strong>iis,</strong></span> <span class='ocrx_word' id='word_1_202' title='bbox 1089 3544 1152 3637; x_wconf 90' lang='lat' dir='ltr'><strong>qui</strong></span> <span class='ocrx_word' id='word_1_203' title='bbox 1175 3542 1292 3640; x_wconf 80' lang='lat' dir='ltr'><strong>longo.</strong></span> 
     </span>
     <span class='ocr_line' id='line_1_29' title="bbox 190 3656 1293 3755; baseline 0.003 -27"><span class='ocrx_word' id='word_1_204' title='bbox 190 3656 245 3728; x_wconf 85' lang='lat' dir='ltr'><strong>At</strong></span> <span class='ocrx_word' id='word_1_205' title='bbox 268 3658 306 3728; x_wconf 91' lang='lat' dir='ltr'><strong>in</strong></span> <span class='ocrx_word' id='word_1_206' title='bbox 329 3659 407 3730; x_wconf 84' lang='lat' dir='ltr'><strong>vim</strong></span> <span class='ocrx_word' id='word_1_207' title='bbox 430 3657 546 3752; x_wconf 82' lang='lat' dir='ltr'><strong>(eujus</strong></span> <span class='ocrx_word' id='word_1_208' title='bbox 570 3661 664 3731; x_wconf 81' lang='lat' dir='ltr'><strong>notio</strong></span> <span class='ocrx_word' id='word_1_209' title='bbox 690 3667 747 3731; x_wconf 89' lang='lat' dir='ltr'><strong>ost</strong></span> <span class='ocrx_word' id='word_1_210' title='bbox 771 3660 1027 3755; x_wconf 84' lang='lat' dir='ltr'><strong>pemioissimo)</strong></span> <span class='ocrx_word' id='word_1_211' title='bbox 1044 3659 1159 3754; x_wconf 90' lang='lat' dir='ltr'><strong>liquet</strong></span> <span class='ocrx_word' id='word_1_212' title='bbox 1183 3661 1293 3731; x_wconf 77' lang='lat' dir='ltr'><strong>etiarn</strong></span> 
     </span>
    </p>
   </div>
   <div class='ocr_carea' id='block_1_3' title="bbox 189 3773 1413 3869">
    <p class='ocr_par' dir='ltr' id='par_1_4' title="bbox 189 3773 1413 3869">
     <span class='ocr_line' id='line_1_30' title="bbox 189 3773 1413 3869; baseline 0.002 -24"><span class='ocrx_word' id='word_1_213' title='bbox 189 3773 321 3866; x_wconf 84' lang='lat' dir='ltr'><strong>requiri</strong></span> <span class='ocrx_word' id='word_1_214' title='bbox 345 3775 392 3846; x_wconf 83' lang='lat' dir='ltr'><strong>nd</strong></span> <span class='ocrx_word' id='word_1_215' title='bbox 417 3796 500 3846; x_wconf 89' lang='lat' dir='ltr'><strong>eum</strong></span> <span class='ocrx_word' id='word_1_216' title='bbox 526 3777 744 3847; x_wconf 83' lang='lat' dir='ltr'><strong>nutunndum</strong></span> <span class='ocrx_word' id='word_1_217' title='bbox 770 3783 956 3848; x_wconf 82' lang='lat' dir='ltr'><strong>momentu</strong></span> <span class='ocrx_word' id='word_1_218' title='bbox 979 3783 1078 3846; x_wconf 81' lang='lat' dir='ltr'><strong>certo</strong></span> <span class='ocrx_word' id='word_1_219' title='bbox 1102 3777 1293 3869; x_wconf 79' lang='lat' dir='ltr'><strong>temporis3</strong></span> <span class='ocrx_word' id='word_1_220' title='bbox 1410 3799 1413 3806; x_wconf 79' lang='grc'><strong>’</strong></span> 
     </span>
    </p>
   </div>
   <div class='ocr_carea' id='block_1_4' title="bbox 187 3888 1296 4218">
    <p class='ocr_par' dir='ltr' id='par_1_5' title="bbox 187 3888 1296 4218">
     <span class='ocr_line' id='line_1_31' title="bbox 188 3888 1293 3986; baseline 0 -24"><span class='ocrx_word' id='word_1_221' title='bbox 188 3888 299 3982; x_wconf 88' lang='lat' dir='ltr'><strong>idque</strong></span> <span class='ocrx_word' id='word_1_222' title='bbox 324 3889 494 3983; x_wconf 80' lang='lat' dir='ltr'><strong>probetur</strong></span> <span class='ocrx_word' id='word_1_223' title='bbox 515 3913 562 3961; x_wconf 87' lang='lat' dir='ltr'><strong>ex</strong></span> <span class='ocrx_word' id='word_1_224' title='bbox 587 3890 642 3978; x_wconf 85' lang='lat' dir='ltr'><strong>iis,</strong></span> <span class='ocrx_word' id='word_1_225' title='bbox 660 3914 738 3984; x_wconf 84' lang='lat' dir='ltr'><strong>quae</strong></span> <span class='ocrx_word' id='word_1_226' title='bbox 760 3898 906 3986; x_wconf 89' lang='lat' dir='ltr'><strong>propter</strong></span> <span class='ocrx_word' id='word_1_227' title='bbox 929 3900 1050 3962; x_wconf 83' lang='lat' dir='ltr'><strong>motus</strong></span> <span class='ocrx_word' id='word_1_228' title='bbox 1065 3890 1293 3964; x_wconf 76' lang='lat' dir='ltr'><strong>velocitatem</strong></span> 
     </span>
     <span class='ocr_line' id='line_1_32' title="bbox 187 4004 1296 4102; baseline 0.001 -27"><span class='ocrx_word' id='word_1_229' title='bbox 187 4025 262 4076; x_wconf 93' lang='lat' dir='ltr'><strong>non</strong></span> <span class='ocrx_word' id='word_1_230' title='bbox 275 4013 490 4092; x_wconf 68' lang='lat' dir='ltr'><strong>eemuntun</strong></span> <span class='ocrx_word' id='word_1_231' title='bbox 509 4015 610 4078; x_wconf 88' lang='lat' dir='ltr'><strong>utex</strong></span> <span class='ocrx_word' id='word_1_232' title='bbox 624 4004 757 4078; x_wconf 80' lang='lat' dir='ltr'><strong>lotione</strong></span> <span class='ocrx_word' id='word_1_233' title='bbox 769 4005 854 4102; x_wconf 86' lang='lat' dir='ltr'><strong>pilae</strong></span> <span class='ocrx_word' id='word_1_234' title='bbox 867 4027 914 4078; x_wconf 85' lang='lat' dir='ltr'><strong>ox</strong></span> <span class='ocrx_word' id='word_1_235' title='bbox 927 4005 1098 4100; x_wconf 84' lang='lat' dir='ltr'><strong>solopeto.</strong></span> <span class='ocrx_word' id='word_1_236' title='bbox 1125 4004 1296 4079; x_wconf 83' lang='lat' dir='ltr'><strong>Velocior</strong></span> 
     </span>
     <span class='ocr_line' id='line_1_33' title="bbox 189 4119 1294 4218; baseline 0 -26"><span class='ocrx_word' id='word_1_237' title='bbox 189 4121 289 4192; x_wconf 87' lang='lat' dir='ltr'><strong>enim</strong></span> <span class='ocrx_word' id='word_1_238' title='bbox 304 4133 359 4195; x_wconf 80' lang='lat' dir='ltr'><strong>est</strong></span> <span class='ocrx_word' id='word_1_239' title='bbox 371 4121 631 4214; x_wconf 82' lang='lat' dir='ltr'><strong>praetervolotio</strong></span> <span class='ocrx_word' id='word_1_240' title='bbox 643 4119 734 4217; x_wconf 76' lang='lat' dir='ltr'><strong>pilu,</strong></span> <span class='ocrx_word' id='word_1_241' title='bbox 745 4145 853 4218; x_wconf 81' lang='lat' dir='ltr'><strong>quam</strong></span> <span class='ocrx_word' id='word_1_242' title='bbox 868 4123 1052 4218; x_wconf 76' lang='lat' dir='ltr'><strong>impressio</strong></span> <span class='ocrx_word' id='word_1_243' title='bbox 1064 4123 1196 4217; x_wconf 84' lang='lat' dir='ltr'><strong>speciei</strong></span> <span class='ocrx_word' id='word_1_244' title='bbox 1209 4123 1294 4214; x_wconf 84' lang='lat' dir='ltr'><strong>ojus,</strong></span> 
     </span>
    </p>
   </div>
   <div class='ocr_carea' id='block_1_5' title="bbox 189 4237 869 4458">
    <p class='ocr_par' dir='ltr' id='par_1_6' title="bbox 189 4237 869 4458">
     <span class='ocr_line' id='line_1_34' title="bbox 189 4237 782 4336; baseline -0.007 -24"><span class='ocrx_word' id='word_1_245' title='bbox 189 4259 273 4334; x_wconf 72' lang='lat' dir='ltr'><strong>quse</strong></span> <span class='ocrx_word' id='word_1_246' title='bbox 289 4237 418 4330; x_wconf 77' lang='lat' dir='ltr'><strong>deferri</strong></span> <span class='ocrx_word' id='word_1_247' title='bbox 435 4247 576 4336; x_wconf 82' lang='lat' dir='ltr'><strong>poteret</strong></span> <span class='ocrx_word' id='word_1_248' title='bbox 592 4239 637 4312; x_wconf 83' lang='lat' dir='ltr'><strong>ud</strong></span> <span class='ocrx_word' id='word_1_249' title='bbox 654 4239 782 4311; x_wconf 82' lang='lat' dir='ltr'><strong>risum.</strong></span> 
     </span>
     <span class='ocr_line' id='line_1_35' title="bbox 607 4383 869 4458; baseline 0.008 -16"><span class='ocrx_word' id='word_1_250' title='bbox 607 4384 633 4425; x_wconf 83' lang='lat'><strong>⁶²</strong></span> <span class='ocrx_word' id='word_1_251' title='bbox 645 4385 688 4442; x_wconf 79' lang='lat' dir='ltr'><strong>Oi.</strong></span> <span class='ocrx_word' id='word_1_252' title='bbox 701 4403 775 4458; x_wconf 84' lang='lat' dir='ltr'><strong>supr.</strong></span> <span class='ocrx_word' id='word_1_253' title='bbox 789 4385 811 4441; x_wconf 90' lang='lat'><strong>1.</strong></span> <span class='ocrx_word' id='word_1_254' title='bbox 824 4383 869 4444; x_wconf 92' lang='grc'><strong>66.</strong></span> 
     </span>
    </p>
   </div>
   <div class='ocr_carea' id='block_1_6' title="bbox 0 0 1649 5146">
    <p class='ocr_par' dir='ltr' id='par_1_7' title="bbox 0 0 1649 5146">
     <span class='ocr_line' id='line_1_36' title="bbox 0 0 1649 5146; baseline 0 0"><span class='ocrx_word' id='word_1_255' title='bbox 0 0 1649 5146; x_wconf 95' lang='lat' dir='ltr'><strong> </strong></span> 
     </span>
    </p>
   </div>
  </div>
 </body>
</html>
