3268 5146
635 349 724 420 ura.
747 351 791 419 11.
808 369 860 438 ιφ.
1230 353 1295 418 ιιι

197 519 367 612 utrisque,
385 539 450 614 per
466 517 745 614 peroolationem
769 521 936 592 nimirum
963 527 1111 593 tenuem
1133 527 1173 591 et
1196 537 1302 590 auen-

197 647 323 710 ratam.
374 635 473 710 Nam
491 637 576 710 inde
594 637 636 710 lit
653 639 775 722 etiam,
790 638 885 731 quod
910 636 972 731 pili
997 634 1205 708 animalium
1227 657 1300 706 non

198 757 271 826 sint
296 763 370 826 tam
397 754 547 848 pulchri,
574 763 613 826 et
639 763 712 826 tam
743 755 852 826 viridi
879 753 1018 837 eoloris,
1043 775 1150 846 qnam
1179 753 1299 822 arium

163 861 165 864 ’
197 869 329 966 plume
353 869 574 964 eomplnres3
599 871 684 964 qnia
705 873 800 944 sueni
818 893 890 943 non
909 880 983 944 tam
1001 869 1155 942 delirate
1179 891 1301 962 pereo·

199 986 318 1060 lantur
333 1009 399 1081 por
413 995 548 1072 eutem,
564 1009 672 1081 quam
691 1009 756 1082 per
772 987 959 1060 calamum.

251 1103 346 1175 Item
369 1103 547 1176 iudam
568 1102 760 1202 conformas
784 1113 879 1187 sunt,
897 1119 1053 1177 scrotum
1077 1104 1114 1174 in
1140 1102 1301 1174 animali·

199 1221 268 1294 bus
291 1221 478 1310 musoniis3
503 1229 542 1294 et
557 1223 691 1294 matrix
708 1223 745 1293 in
763 1221 938 1294 tuellis,
990 1219 1096 1292 Adeo
1112 1227 1155 1291 ιιι
1171 1219 1301 1292 nobilis

199 1337 261 1410 illa
277 1337 419 1422 fabrica,
437 1359 501 1431 per
517 1359 624 1431 quam
641 1361 748 1410 sexus
765 1337 942 1422 ᾱιιῐοιιιιιι,
957 1337 1146 1431 (qnatenus
1163 1337 1208 1409 ad
1227 1337 1303 1407 ani·

199 1454 307 1526 maiia
331 1454 527 1548 terrestria)
550 1454 602 1525 nil
628 1454 725 1527 aliud
746 1456 909 1526 videatur
934 1475 1020 1539 esse,
1043 1475 1150 1548 quam
1176 1473 1302 1525 seeun-

200 1572 286 1643 dum
303 1571 460 1643 exterius
477 1579 515 1643 et
532 1570 700 1660 interius3
725 1573 759 1642 ri
777 1571 914 1644 soilioet
930 1571 1064 1664 majore
1088 1569 1213 1642 caloris
1237 1591 1301 1664 ge·

199 1688 325 1759 uitalia
345 1688 383 1757 in
405 1709 494 1759 sexu
511 1687 669 1760 masculo
686 1688 919 1782 protrudente
936 1688 973 1758 iu
991 1687 1160 1772 exterius,
1177 1685 1237 1757 ubi
1262 1686 1300 1756 iu

200 1802 366 1875 foemellis
391 1803 499 1874 nimis
523 1803 650 1875 debilis
677 1813 733 1876 est
759 1802 864 1889 calor,
885 1823 992 1898 quam
1019 1811 1063 1873 ut
1088 1802 1157 1874 boo
1183 1803 1301 1874 faeere

199 1921 331 2013 possit3
357 1920 454 1990 unde
470 1919 612 2004 aeoidit,
630 1920 726 2013 quod
744 1921 998 1992 contineantur
1014 1919 1174 1990 interius

251 2034 347 2107 Item
377 2035 555 2107 instantiae
584 2034 778 2132 oorrsormes
805 2043 900 2119 sunt,
928 2035 1047 2129 pinnae
1074 2035 1235 2128 piscium,
1263 2042 1302 2104 ot

199 2154 309 2248 pedes
326 2153 605 2246 quadrupedum,
619 2161 683 2224 aut
699 2154 808 2246 pedes
825 2160 864 2224 et
882 2151 945 2224 alae
963 2151 1160 2236 volucrum,
1174 2149 1302 2243 quibua

199 2269 339 2342 addidit
353 2267 570 2341 Aristoteles
590 2277 745 2362 quatuor
761 2268 943 2340 volumina
967 2268 1005 2339 in
1032 2277 1135 2341 motu
1159 2287 1303 2360 serpen-

200 2381 321 2456 tnm⁶⁷.
372 2383 478 2458 Adeo
501 2394 543 2456 ιιι
567 2385 604 2455 in
629 2385 764 2458 sabrina
784 2386 948 2469 universi,
966 2393 1086 2456 motus
1103 2383 1301 2456 virentium

200 2497 399 2595 plerunque
415 2501 579 2574 rideatur
595 2501 755 2596 expediri
781 2523 845 2596 per
868 2502 1121 2596 quaterniones
1146 2509 1300 2585 artuum,

202 2617 276 2690 sivo
293 2613 500 2689 flexionum.

251 2733 347 2806 Item
371 2734 498 2807 dentes
522 2736 560 2805 in
586 2731 799 2807 animalibus
822 2736 1059 2820 terrestribus,
1079 2743 1118 2809 et
1134 2742 1247 2807 rostra
1262 2735 1301 2806 in

200 2850 334 2935 aribus,
351 2858 435 2922 sunt
452 2851 630 2923 instantiae
646 2848 860 2948 conformer:
877 2851 974 2923 unde
990 2851 1218 2924 manifestum
1236 2859 1301 2934 est,

199 2965 240 3036 in
256 2967 422 3039 omnibus
444 2967 656 3040 animalibus
672 2967 841 3062 perfectis
856 2967 966 3041 fluore
983 2970 1107 3040 duram
1125 2966 1302 3061 quandam

200 3081 432 3155 substantiam
451 3105 573 3156 versus
589 3107 638 3157 os.

251 3197 347 3271 Item
368 3221 441 3270 non
465 3201 617 3273 absurda
640 3207 695 3272 est
718 3200 915 3273 similitudo
932 3209 971 3272 et
987 3201 1214 3274 conformitas
1230 3198 1302 3282 illa,

200 3323 244 3386 ut
259 3315 367 3388 bomo
384 3318 430 3388 sit
447 3327 617 3410 tanquam
634 3317 758 3411 planta
774 3319 923 3390 inversa.
974 3317 1072 3391 Nam
1096 3317 1197 3390 radix
1224 3339 1306 3389 ner·

201 3454 325 3504 vorum
343 3441 381 3504 et
396 3433 608 3505 facultatum
634 3434 841 3506 animalium
864 3443 920 3506 est
943 3445 1072 3529 caput:
1098 3443 1217 3530 partes
1242 3455 1305 3505 an·

201 3557 275 3620 tem
292 3549 479 3622 seminales
496 3560 580 3623 sunt
597 3553 735 3636 infima,
749 3575 821 3624 uon
834 3555 1050 3647 computatis
1067 3553 1305 3625 extremitati-

201 3665 268 3737 bus
285 3665 453 3738 tibiarnm
469 3675 508 3739 et
525 3669 760 3742 brachiorum.
811 3667 866 3740 At
883 3671 920 3740 in
943 3669 1075 3765 planta,
1093 3670 1196 3741 radix
1215 3673 1305 3761 (quaa

200 3782 311 3854 instar
337 3784 463 3877 eapitis
493 3788 565 3879 est)
590 3785 801 3882 regulariter
827 3787 951 3860 intimo
981 3785 1062 3860 loco
1087 3783 1305 3870 collocatum

200 3899 334 3970 samium
350 3907 472 3971 autem
490 3923 665 3996 supremo.

249 4015 417 4112 Denique
440 4015 531 4088 illud
557 4019 705 4091 omnino
729 4021 1004 4116 praeoipiendum
1028 4030 1094 4105 est
1115 4029 1153 4092 et
1178 4021 1305 4116 sapius

236 4239 262 4281 ⁸⁷
280 4241 431 4298 Aristode’s
448 4242 567 4300 addition
579 4243 603 4300 is
615 4259 776 4313 θποιιοοιιις
796 4245 849 4303 and
864 4245 980 4304 Baoon’s
997 4244 1224 4319 genenliaationa,
1236 4244 1304 4300 both

200 4327 263 4386 bere
275 4330 329 4386 and
341 4329 436 4398 belorr,
449 4347 493 4388 are
504 4331 592 4405 hasty.
