<?xml version="1.0" encoding="UTF-8"?>
<!DOCTYPE html PUBLIC "-//W3C//DTD XHTML 1.0 Transitional//EN"
    "http://www.w3.org/TR/xhtml1/DTD/xhtml1-transitional.dtd">
<html xmlns="http://www.w3.org/1999/xhtml" xml:lang="en" lang="en">
 <head>
  <title>
</title>
<meta http-equiv="Content-Type" content="text/html;charset=utf-8" />
  <meta name='ocr-system' content='tesseract 3.04.00' />
  <meta name='ocr-capabilities' content='ocr_page ocr_carea ocr_par ocr_line ocrx_word'/>
</head>
<body>
  <div class='ocr_page' id='page_1' title='image "./franciscibaconi01kitcgoog_0256.png"; bbox 0 0 3268 5146; ppageno 0'>
   <div class='ocr_carea' id='block_1_1' title="bbox 596 361 1296 450">
    <p class='ocr_par' dir='ltr' id='par_1_1' title="bbox 596 361 1296 450">
     <span class='ocr_line' id='line_1_1' title="bbox 596 361 1296 450; baseline 0.006 -23"><span class='ocrx_word' id='word_1_1' title='bbox 596 361 686 428; x_wconf 81' lang='lat' dir='ltr'>LIB.</span> <span class='ocrx_word' id='word_1_2' title='bbox 704 364 751 428; x_wconf 92' lang='lat'><strong>11.</strong></span> <span class='ocrx_word' id='word_1_3' title='bbox 766 381 821 449; x_wconf 78' lang='lat'><strong>32,</strong></span> <span class='ocrx_word' id='word_1_4' title='bbox 832 385 884 450; x_wconf 84' lang='lat'><strong>33.</strong></span> <span class='ocrx_word' id='word_1_5' title='bbox 1231 365 1296 431; x_wconf 74' lang='lat'><strong>227</strong></span> 
     </span>
    </p>
   </div>
   <div class='ocr_carea' id='block_1_2' title="bbox 194 523 1306 4298">
    <p class='ocr_par' dir='ltr' id='par_1_2' title="bbox 194 523 1298 2937">
     <span class='ocr_line' id='line_1_2' title="bbox 196 523 1297 620; baseline 0.002 -25"><span class='ocrx_word' id='word_1_6' title='bbox 196 545 262 618; x_wconf 90' lang='lat' dir='ltr'><strong>pus</strong></span> <span class='ocrx_word' id='word_1_7' title='bbox 287 523 361 594; x_wconf 81' lang='lat' dir='ltr'><strong>sire</strong></span> <span class='ocrx_word' id='word_1_8' title='bbox 385 531 592 595; x_wconf 84' lang='lat' dir='ltr'><strong>oonoretum</strong></span> <span class='ocrx_word' id='word_1_9' title='bbox 616 525 701 607; x_wconf 86' lang='lat' dir='ltr'><strong>tale,</strong></span> <span class='ocrx_word' id='word_1_10' title='bbox 719 528 754 596; x_wconf 94' lang='lat' dir='ltr'><strong>iu</strong></span> <span class='ocrx_word' id='word_1_11' title='bbox 776 549 847 620; x_wconf 93' lang='lat' dir='ltr'><strong>quo</strong></span> <span class='ocrx_word' id='word_1_12' title='bbox 873 536 1000 600; x_wconf 87' lang='lat' dir='ltr'><strong>natura</strong></span> <span class='ocrx_word' id='word_1_13' title='bbox 1025 525 1193 618; x_wconf 88' lang='lat' dir='ltr'><strong>inquisita</strong></span> <span class='ocrx_word' id='word_1_14' title='bbox 1218 550 1297 620; x_wconf 89' lang='lat' dir='ltr'><strong>per-</strong></span> 
     </span>
     <span class='ocr_line' id='line_1_3' title="bbox 196 641 1295 736; baseline 0.004 -24"><span class='ocrx_word' id='word_1_15' title='bbox 196 649 306 735; x_wconf 87' lang='lat' dir='ltr'><strong>petuo</strong></span> <span class='ocrx_word' id='word_1_16' title='bbox 339 648 508 733; x_wconf 89' lang='lat' dir='ltr'><strong>sequatur</strong></span> <span class='ocrx_word' id='word_1_17' title='bbox 539 648 710 734; x_wconf 88' lang='lat' dir='ltr'><strong>tauquam</strong></span> <span class='ocrx_word' id='word_1_18' title='bbox 743 665 863 714; x_wconf 89' lang='lat' dir='ltr'><strong>oomes</strong></span> <span class='ocrx_word' id='word_1_19' title='bbox 893 644 1037 736; x_wconf 89' lang='lat' dir='ltr'><strong>quidam</strong></span> <span class='ocrx_word' id='word_1_20' title='bbox 1072 641 1295 716; x_wconf 82' lang='lat' dir='ltr'><strong>individuus:</strong></span> 
     </span>
     <span class='ocr_line' id='line_1_4' title="bbox 195 757 1296 854; baseline 0.002 -26"><span class='ocrx_word' id='word_1_21' title='bbox 195 765 259 828; x_wconf 88' lang='lat' dir='ltr'><strong>aut</strong></span> <span class='ocrx_word' id='word_1_22' title='bbox 288 763 419 840; x_wconf 83' lang='lat' dir='ltr'><strong>eontra,</strong></span> <span class='ocrx_word' id='word_1_23' title='bbox 447 757 483 827; x_wconf 91' lang='lat' dir='ltr'><strong>in</strong></span> <span class='ocrx_word' id='word_1_24' title='bbox 512 779 584 850; x_wconf 87' lang='lat' dir='ltr'><strong>quo</strong></span> <span class='ocrx_word' id='word_1_25' title='bbox 613 766 739 830; x_wconf 88' lang='lat' dir='ltr'><strong>natura</strong></span> <span class='ocrx_word' id='word_1_26' title='bbox 768 760 939 852; x_wconf 89' lang='lat' dir='ltr'><strong>inquisita</strong></span> <span class='ocrx_word' id='word_1_27' title='bbox 969 769 1141 854; x_wconf 91' lang='lat' dir='ltr'><strong>perpetuo</strong></span> <span class='ocrx_word' id='word_1_28' title='bbox 1171 759 1296 853; x_wconf 82' lang='lat' dir='ltr'><strong>fugiat,</strong></span> 
     </span>
     <span class='ocr_line' id='line_1_5' title="bbox 194 873 1295 966; baseline 0.001 -21"><span class='ocrx_word' id='word_1_29' title='bbox 194 882 303 966; x_wconf 86' lang='lat' dir='ltr'><strong>atque</strong></span> <span class='ocrx_word' id='word_1_30' title='bbox 328 895 375 943; x_wconf 85' lang='lat' dir='ltr'><strong>ex</strong></span> <span class='ocrx_word' id='word_1_31' title='bbox 406 873 568 945; x_wconf 78' lang='lat' dir='ltr'><strong>comitatu</strong></span> <span class='ocrx_word' id='word_1_32' title='bbox 597 874 820 959; x_wconf 76' lang='lat' dir='ltr'>excludatur,</span> <span class='ocrx_word' id='word_1_33' title='bbox 846 884 889 947; x_wconf 91' lang='lat' dir='ltr'><strong>ut</strong></span> <span class='ocrx_word' id='word_1_34' title='bbox 916 875 1028 948; x_wconf 88' lang='lat' dir='ltr'><strong>hostis</strong></span> <span class='ocrx_word' id='word_1_35' title='bbox 1052 885 1090 948; x_wconf 88' lang='lat' dir='ltr'><strong>et</strong></span> <span class='ocrx_word' id='word_1_36' title='bbox 1120 877 1295 948; x_wconf 89' lang='lat' dir='ltr'><strong>inimious.</strong></span> 
     </span>
     <span class='ocr_line' id='line_1_6' title="bbox 195 988 1297 1085; baseline 0.003 -25"><span class='ocrx_word' id='word_1_37' title='bbox 195 989 291 1060; x_wconf 88' lang='lat' dir='ltr'><strong>Nam</strong></span> <span class='ocrx_word' id='word_1_38' title='bbox 317 1010 364 1060; x_wconf 88' lang='lat' dir='ltr'><strong>ex</strong></span> <span class='ocrx_word' id='word_1_39' title='bbox 389 988 591 1081; x_wconf 86' lang='lat' dir='ltr'><strong>hujusmodi</strong></span> <span class='ocrx_word' id='word_1_40' title='bbox 616 991 794 1062; x_wconf 71' lang='lat' dir='ltr'><strong>instantiis</strong></span> <span class='ocrx_word' id='word_1_41' title='bbox 817 991 1016 1062; x_wconf 77' lang='lat' dir='ltr'>formantur</span> <span class='ocrx_word' id='word_1_42' title='bbox 1040 993 1297 1085; x_wconf 77' lang='lat' dir='ltr'><strong>propositiones</strong></span> 
     </span>
     <span class='ocr_line' id='line_1_7' title="bbox 194 1103 1296 1205; baseline 0 -29"><span class='ocrx_word' id='word_1_43' title='bbox 194 1112 303 1176; x_wconf 87' lang='lat' dir='ltr'><strong>oertae</strong></span> <span class='ocrx_word' id='word_1_44' title='bbox 333 1103 634 1190; x_wconf 66' lang='lat' dir='ltr'><strong>anniversalem</strong></span> <span class='ocrx_word' id='word_1_45' title='bbox 670 1114 733 1176; x_wconf 89' lang='lat' dir='ltr'><strong>aut</strong></span> <span class='ocrx_word' id='word_1_46' title='bbox 760 1106 985 1199; x_wconf 70' lang='lat' dir='ltr'><strong>affirmativas,</strong></span> <span class='ocrx_word' id='word_1_47' title='bbox 1016 1115 1079 1178; x_wconf 87' lang='lat' dir='ltr'><strong>aut</strong></span> <span class='ocrx_word' id='word_1_48' title='bbox 1108 1106 1296 1205; x_wconf 69' lang='lat' dir='ltr'><strong>aepactae.-</strong></span> 
     </span>
     <span class='ocr_line' id='line_1_8' title="bbox 195 1219 1298 1316; baseline 0.003 -25"><span class='ocrx_word' id='word_1_49' title='bbox 195 1220 378 1312; x_wconf 91' lang='lat' dir='ltr'><strong>inquibus</strong></span> <span class='ocrx_word' id='word_1_50' title='bbox 400 1219 600 1312; x_wconf 85' lang='lat' dir='ltr'><strong>subjeetum</strong></span> <span class='ocrx_word' id='word_1_51' title='bbox 626 1221 695 1292; x_wconf 89' lang='lat' dir='ltr'><strong>erit</strong></span> <span class='ocrx_word' id='word_1_52' title='bbox 716 1220 788 1292; x_wconf 85' lang='lat' dir='ltr'><strong>tale</strong></span> <span class='ocrx_word' id='word_1_53' title='bbox 813 1245 939 1314; x_wconf 86' lang='lat' dir='ltr'><strong>eorpus</strong></span> <span class='ocrx_word' id='word_1_54' title='bbox 956 1223 993 1292; x_wconf 92' lang='lat' dir='ltr'><strong>in</strong></span> <span class='ocrx_word' id='word_1_55' title='bbox 1012 1233 1190 1306; x_wconf 91' lang='lat' dir='ltr'><strong>oonoreto,</strong></span> <span class='ocrx_word' id='word_1_56' title='bbox 1207 1245 1298 1316; x_wconf 80' lang='lat' dir='ltr'><strong>prae·</strong></span> 
     </span>
     <span class='ocr_line' id='line_1_9' title="bbox 195 1335 1298 1432; baseline 0.001 -24"><span class='ocrx_word' id='word_1_57' title='bbox 195 1338 354 1408; x_wconf 90' lang='lat' dir='ltr'><strong>dioatum</strong></span> <span class='ocrx_word' id='word_1_58' title='bbox 371 1357 455 1406; x_wconf 81' lang='lat' dir='ltr'><strong>vero</strong></span> <span class='ocrx_word' id='word_1_59' title='bbox 481 1344 607 1408; x_wconf 89' lang='lat' dir='ltr'><strong>natura</strong></span> <span class='ocrx_word' id='word_1_60' title='bbox 631 1337 707 1430; x_wconf 89' lang='lat' dir='ltr'><strong>ipsa</strong></span> <span class='ocrx_word' id='word_1_61' title='bbox 731 1339 898 1431; x_wconf 86' lang='lat' dir='ltr'><strong>inquisita</strong></span> <span class='ocrx_word' id='word_1_62' title='bbox 907 1335 947 1408; x_wconf 82' lang='lat'><strong>⁸⁹.</strong></span> <span class='ocrx_word' id='word_1_63' title='bbox 998 1337 1144 1410; x_wconf 82' lang='lat' dir='ltr'><strong>Etenim</strong></span> <span class='ocrx_word' id='word_1_64' title='bbox 1171 1361 1298 1432; x_wconf 93' lang='lat' dir='ltr'><strong>propo-</strong></span> 
     </span>
     <span class='ocr_line' id='line_1_10' title="bbox 199 1450 1297 1548; baseline 0.002 -24"><span class='ocrx_word' id='word_1_65' title='bbox 199 1453 345 1524; x_wconf 80' lang='lat' dir='ltr'><strong>sitiones</strong></span> <span class='ocrx_word' id='word_1_66' title='bbox 365 1450 595 1545; x_wconf 85' lang='lat' dir='ltr'><strong>partioulares</strong></span> <span class='ocrx_word' id='word_1_67' title='bbox 611 1453 856 1548; x_wconf 72' lang='lat' dir='ltr'><strong>omuinofirae</strong></span> <span class='ocrx_word' id='word_1_68' title='bbox 871 1477 942 1524; x_wconf 92' lang='lat' dir='ltr'><strong>non</strong></span> <span class='ocrx_word' id='word_1_69' title='bbox 965 1463 1058 1537; x_wconf 90' lang='lat' dir='ltr'><strong>sunt,</strong></span> <span class='ocrx_word' id='word_1_70' title='bbox 1077 1455 1138 1524; x_wconf 91' lang='lat' dir='ltr'><strong>ubi</strong></span> <span class='ocrx_word' id='word_1_71' title='bbox 1161 1453 1297 1526; x_wconf 87' lang='lat' dir='ltr'><strong>soilioet</strong></span> 
     </span>
     <span class='ocr_line' id='line_1_11' title="bbox 195 1567 1297 1663; baseline 0.003 -24"><span class='ocrx_word' id='word_1_72' title='bbox 195 1577 323 1639; x_wconf 78' lang='lat' dir='ltr'><strong>natura</strong></span> <span class='ocrx_word' id='word_1_73' title='bbox 347 1567 513 1658; x_wconf 85' lang='lat' dir='ltr'><strong>inquisita</strong></span> <span class='ocrx_word' id='word_1_74' title='bbox 538 1569 713 1661; x_wconf 89' lang='lat' dir='ltr'><strong>reperitur</strong></span> <span class='ocrx_word' id='word_1_75' title='bbox 737 1569 774 1640; x_wconf 93' lang='lat' dir='ltr'><strong>iu</strong></span> <span class='ocrx_word' id='word_1_76' title='bbox 800 1569 920 1663; x_wconf 88' lang='lat' dir='ltr'><strong>aliquo</strong></span> <span class='ocrx_word' id='word_1_77' title='bbox 945 1578 1112 1642; x_wconf 77' lang='lat' dir='ltr'><strong>concreto</strong></span> <span class='ocrx_word' id='word_1_78' title='bbox 1136 1567 1234 1640; x_wconf 86' lang='lat' dir='ltr'><strong>fluxa</strong></span> <span class='ocrx_word' id='word_1_79' title='bbox 1258 1577 1297 1642; x_wconf 82' lang='lat' dir='ltr'><strong>et</strong></span> 
     </span>
     <span class='ocr_line' id='line_1_12' title="bbox 198 1683 1298 1779; baseline 0.003 -25"><span class='ocrx_word' id='word_1_80' title='bbox 198 1683 359 1767; x_wconf 85' lang='lat' dir='ltr'><strong>mobilis;</strong></span> <span class='ocrx_word' id='word_1_81' title='bbox 383 1683 453 1754; x_wconf 77' lang='lat' dir='ltr'><strong>viz,</strong></span> <span class='ocrx_word' id='word_1_82' title='bbox 470 1684 652 1766; x_wconf 87' lang='lat' dir='ltr'><strong>aooedeus,</strong></span> <span class='ocrx_word' id='word_1_83' title='bbox 669 1685 746 1755; x_wconf 87' lang='lat' dir='ltr'><strong>sive</strong></span> <span class='ocrx_word' id='word_1_84' title='bbox 760 1688 954 1779; x_wconf 84' lang='lat' dir='ltr'><strong>aequisita;</strong></span> <span class='ocrx_word' id='word_1_85' title='bbox 979 1693 1043 1756; x_wconf 88' lang='lat' dir='ltr'><strong>aut</strong></span> <span class='ocrx_word' id='word_1_86' title='bbox 1060 1707 1177 1757; x_wconf 88' lang='lat' dir='ltr'><strong>rursus</strong></span> <span class='ocrx_word' id='word_1_87' title='bbox 1200 1707 1298 1757; x_wconf 88' lang='lat' dir='ltr'><strong>reee-</strong></span> 
     </span>
     <span class='ocr_line' id='line_1_13' title="bbox 197 1797 1298 1896; baseline 0.004 -27"><span class='ocrx_word' id='word_1_88' title='bbox 197 1799 387 1882; x_wconf 70' lang='lat' dir='ltr'><strong>danastro</strong></span> <span class='ocrx_word' id='word_1_89' title='bbox 412 1799 583 1892; x_wconf 89' lang='lat' dir='ltr'><strong>deposita.</strong></span> <span class='ocrx_word' id='word_1_90' title='bbox 635 1797 810 1884; x_wconf 85' lang='lat' dir='ltr'><strong>Quoeiraa</strong></span> <span class='ocrx_word' id='word_1_91' title='bbox 834 1800 1063 1894; x_wconf 75' lang='lat' dir='ltr'><strong>particulares</strong></span> <span class='ocrx_word' id='word_1_92' title='bbox 1088 1803 1298 1896; x_wconf 92' lang='lat' dir='ltr'><strong>propositio-</strong></span> 
     </span>
     <span class='ocr_line' id='line_1_14' title="bbox 196 1913 1296 2014; baseline 0.005 -30"><span class='ocrx_word' id='word_1_93' title='bbox 196 1936 263 1986; x_wconf 84' lang='lat' dir='ltr'><strong>nes</strong></span> <span class='ocrx_word' id='word_1_94' title='bbox 286 1937 358 1986; x_wconf 94' lang='lat' dir='ltr'><strong>non</strong></span> <span class='ocrx_word' id='word_1_95' title='bbox 385 1913 520 1986; x_wconf 88' lang='lat' dir='ltr'><strong>habent</strong></span> <span class='ocrx_word' id='word_1_96' title='bbox 540 1917 812 2014; x_wconf 72' lang='lat' dir='ltr'><strong>praropatioam</strong></span> <span class='ocrx_word' id='word_1_97' title='bbox 836 1915 990 2009; x_wconf 87' lang='lat' dir='ltr'><strong>aliquam</strong></span> <span class='ocrx_word' id='word_1_98' title='bbox 1021 1917 1202 2009; x_wconf 89' lang='lat' dir='ltr'><strong>majorem,</strong></span> <span class='ocrx_word' id='word_1_99' title='bbox 1228 1919 1296 1989; x_wconf 92' lang='lat' dir='ltr'><strong>nisi</strong></span> 
     </span>
     <span class='ocr_line' id='line_1_15' title="bbox 195 2029 1296 2126; baseline 0.004 -25"><span class='ocrx_word' id='word_1_100' title='bbox 195 2037 337 2101; x_wconf 89' lang='lat' dir='ltr'><strong>tanturn</strong></span> <span class='ocrx_word' id='word_1_101' title='bbox 353 2031 391 2098; x_wconf 92' lang='lat' dir='ltr'><strong>in</strong></span> <span class='ocrx_word' id='word_1_102' title='bbox 409 2052 491 2100; x_wconf 88' lang='lat' dir='ltr'><strong>oasu</strong></span> <span class='ocrx_word' id='word_1_103' title='bbox 508 2029 750 2126; x_wconf 72' lang='lat' dir='ltr'><strong>miprotioais;</strong></span> <span class='ocrx_word' id='word_1_104' title='bbox 775 2032 914 2124; x_wconf 92' lang='lat' dir='ltr'><strong>dequo</strong></span> <span class='ocrx_word' id='word_1_105' title='bbox 940 2041 1046 2103; x_wconf 87' lang='lat' dir='ltr'><strong>antea</strong></span> <span class='ocrx_word' id='word_1_106' title='bbox 1071 2033 1206 2104; x_wconf 83' lang='lat' dir='ltr'><strong>dictum</strong></span> <span class='ocrx_word' id='word_1_107' title='bbox 1231 2044 1296 2106; x_wconf 87' lang='lat' dir='ltr'><strong>est.</strong></span> 
     </span>
     <span class='ocr_line' id='line_1_16' title="bbox 196 2143 1297 2241; baseline 0.005 -25"><span class='ocrx_word' id='word_1_108' title='bbox 196 2143 247 2216; x_wconf 89' lang='lat' dir='ltr'><strong>Et</strong></span> <span class='ocrx_word' id='word_1_109' title='bbox 275 2143 514 2229; x_wconf 89' lang='lat' dir='ltr'><strong>nihilomiuus,</strong></span> <span class='ocrx_word' id='word_1_110' title='bbox 544 2148 653 2217; x_wconf 90' lang='lat' dir='ltr'><strong>etiam</strong></span> <span class='ocrx_word' id='word_1_111' title='bbox 684 2147 914 2240; x_wconf 74' lang='lat' dir='ltr'><strong>particulares</strong></span> <span class='ocrx_word' id='word_1_112' title='bbox 943 2147 1012 2219; x_wconf 87' lang='lat' dir='ltr'><strong>iliae</strong></span> <span class='ocrx_word' id='word_1_113' title='bbox 1041 2150 1297 2241; x_wconf 87' lang='lat' dir='ltr'><strong>propositiones</strong></span> 
     </span>
     <span class='ocr_line' id='line_1_17' title="bbox 195 2259 1298 2359; baseline 0.005 -28"><span class='ocrx_word' id='word_1_114' title='bbox 195 2267 407 2354; x_wconf 71' lang='lat' dir='ltr'><strong>comparata</strong></span> <span class='ocrx_word' id='word_1_115' title='bbox 430 2269 470 2332; x_wconf 91' lang='lat' dir='ltr'><strong>et</strong></span> <span class='ocrx_word' id='word_1_116' title='bbox 494 2259 636 2332; x_wconf 82' lang='lat' dir='ltr'><strong>oollatae</strong></span> <span class='ocrx_word' id='word_1_117' title='bbox 661 2283 742 2333; x_wconf 91' lang='lat' dir='ltr'><strong>oum</strong></span> <span class='ocrx_word' id='word_1_118' title='bbox 774 2262 1033 2335; x_wconf 87' lang='lat' dir='ltr'><strong>universalibus</strong></span> <span class='ocrx_word' id='word_1_119' title='bbox 1058 2264 1214 2336; x_wconf 90' lang='lat' dir='ltr'><strong>multum</strong></span> <span class='ocrx_word' id='word_1_120' title='bbox 1238 2267 1298 2359; x_wconf 92' lang='lat' dir='ltr'><strong>ju·</strong></span> 
     </span>
     <span class='ocr_line' id='line_1_18' title="bbox 196 2374 1296 2470; baseline 0.005 -24"><span class='ocrx_word' id='word_1_121' title='bbox 196 2383 301 2458; x_wconf 81' lang='lat' dir='ltr'><strong>vant3</strong></span> <span class='ocrx_word' id='word_1_122' title='bbox 326 2382 369 2444; x_wconf 91' lang='lat' dir='ltr'><strong>ut</strong></span> <span class='ocrx_word' id='word_1_123' title='bbox 398 2397 463 2446; x_wconf 90' lang='lat' dir='ltr'><strong>suo</strong></span> <span class='ocrx_word' id='word_1_124' title='bbox 493 2374 571 2447; x_wconf 86' lang='lat' dir='ltr'><strong>loco</strong></span> <span class='ocrx_word' id='word_1_125' title='bbox 599 2376 748 2448; x_wconf 86' lang='lat' dir='ltr'><strong>dicetur.</strong></span> <span class='ocrx_word' id='word_1_126' title='bbox 801 2377 933 2470; x_wconf 91' lang='lat' dir='ltr'><strong>Neque</strong></span> <span class='ocrx_word' id='word_1_127' title='bbox 962 2386 1092 2461; x_wconf 90' lang='lat' dir='ltr'><strong>tamen,</strong></span> <span class='ocrx_word' id='word_1_128' title='bbox 1118 2380 1228 2450; x_wconf 88' lang='lat' dir='ltr'><strong>etiarn</strong></span> <span class='ocrx_word' id='word_1_129' title='bbox 1258 2383 1296 2452; x_wconf 91' lang='lat' dir='ltr'><strong>in</strong></span> 
     </span>
     <span class='ocr_line' id='line_1_19' title="bbox 195 2489 1298 2586; baseline 0.007 -26"><span class='ocrx_word' id='word_1_130' title='bbox 195 2489 451 2564; x_wconf 80' lang='lat' dir='ltr'><strong>universalibus</strong></span> <span class='ocrx_word' id='word_1_131' title='bbox 480 2491 557 2563; x_wconf 89' lang='lat' dir='ltr'><strong>istis</strong></span> <span class='ocrx_word' id='word_1_132' title='bbox 581 2493 881 2586; x_wconf 87' lang='lat' dir='ltr'><strong>propositionibus</strong></span> <span class='ocrx_word' id='word_1_133' title='bbox 910 2503 1076 2565; x_wconf 87' lang='lat' dir='ltr'><strong>exaotam</strong></span> <span class='ocrx_word' id='word_1_134' title='bbox 1104 2503 1168 2566; x_wconf 92' lang='lat' dir='ltr'><strong>aut</strong></span> <span class='ocrx_word' id='word_1_135' title='bbox 1197 2495 1298 2568; x_wconf 86' lang='lat' dir='ltr'><strong>abso·</strong></span> 
     </span>
     <span class='ocr_line' id='line_1_20' title="bbox 196 2606 1297 2704; baseline 0.006 -27"><span class='ocrx_word' id='word_1_136' title='bbox 196 2606 310 2678; x_wconf 87' lang='lat' dir='ltr'><strong>lutam</strong></span> <span class='ocrx_word' id='word_1_137' title='bbox 352 2607 621 2679; x_wconf 84' lang='lat' dir='ltr'><strong>affirmationem</strong></span> <span class='ocrx_word' id='word_1_138' title='bbox 660 2607 717 2680; x_wconf 84' lang='lat' dir='ltr'><strong>vol</strong></span> <span class='ocrx_word' id='word_1_139' title='bbox 758 2609 1032 2704; x_wconf 74' lang='lat' dir='ltr'><strong>abnegationem</strong></span> <span class='ocrx_word' id='word_1_140' title='bbox 1074 2611 1297 2703; x_wconf 87' lang='lat' dir='ltr'><strong>requirimus.</strong></span> 
     </span>
     <span class='ocr_line' id='line_1_21' title="bbox 198 2723 1297 2822; baseline 0.005 -28"><span class='ocrx_word' id='word_1_141' title='bbox 198 2723 338 2795; x_wconf 83' lang='lat' dir='ltr'><strong>Sufficit</strong></span> <span class='ocrx_word' id='word_1_142' title='bbox 363 2725 459 2795; x_wconf 89' lang='lat' dir='ltr'><strong>enim</strong></span> <span class='ocrx_word' id='word_1_143' title='bbox 484 2725 529 2795; x_wconf 86' lang='lat' dir='ltr'><strong>od</strong></span> <span class='ocrx_word' id='word_1_144' title='bbox 555 2725 592 2795; x_wconf 92' lang='lat' dir='ltr'><strong>id</strong></span> <span class='ocrx_word' id='word_1_145' title='bbox 618 2725 715 2817; x_wconf 90' lang='lat' dir='ltr'><strong>quod</strong></span> <span class='ocrx_word' id='word_1_146' title='bbox 740 2727 869 2820; x_wconf 78' lang='lat' dir='ltr'><strong>agitur,</strong></span> <span class='ocrx_word' id='word_1_147' title='bbox 886 2726 1026 2798; x_wconf 88' lang='lat' dir='ltr'><strong>etiamsi</strong></span> <span class='ocrx_word' id='word_1_148' title='bbox 1049 2729 1297 2822; x_wconf 85' lang='lat' dir='ltr'><strong>exceptionem</strong></span> 
     </span>
     <span class='ocr_line' id='line_1_22' title="bbox 195 2839 1053 2937; baseline 0.001 -25"><span class='ocrx_word' id='word_1_149' title='bbox 195 2839 403 2912; x_wconf 87' lang='lat' dir='ltr'><strong>nonnullam</strong></span> <span class='ocrx_word' id='word_1_150' title='bbox 420 2840 634 2935; x_wconf 78' lang='lat' dir='ltr'><strong>singularem</strong></span> <span class='ocrx_word' id='word_1_151' title='bbox 651 2849 715 2913; x_wconf 87' lang='lat' dir='ltr'><strong>aut</strong></span> <span class='ocrx_word' id='word_1_152' title='bbox 731 2865 845 2914; x_wconf 86' lang='lat' dir='ltr'><strong>raram</strong></span> <span class='ocrx_word' id='word_1_153' title='bbox 861 2844 1053 2937; x_wconf 88' lang='lat' dir='ltr'><strong>patiantur.</strong></span> 
     </span>
    </p>

    <p class='ocr_par' dir='ltr' id='par_1_3' title="bbox 195 2953 1305 4141">
     <span class='ocr_line' id='line_1_23' title="bbox 249 2953 1300 3053; baseline 0.003 -26"><span class='ocrx_word' id='word_1_154' title='bbox 249 2953 345 3027; x_wconf 90' lang='lat' dir='ltr'><strong>Usus</strong></span> <span class='ocrx_word' id='word_1_155' title='bbox 368 2963 490 3026; x_wconf 86' lang='lat' dir='ltr'><strong>autem</strong></span> <span class='ocrx_word' id='word_1_156' title='bbox 507 2955 752 3028; x_wconf 76' lang='lat' dir='ltr'><strong>instantiarum</strong></span> <span class='ocrx_word' id='word_1_157' title='bbox 769 2957 949 3030; x_wconf 67' lang='lat' dir='ltr'><strong>amamus</strong></span> <span class='ocrx_word' id='word_1_158' title='bbox 964 2965 1019 3029; x_wconf 91' lang='lat' dir='ltr'><strong>est</strong></span> <span class='ocrx_word' id='word_1_159' title='bbox 1042 2959 1087 3029; x_wconf 88' lang='lat' dir='ltr'><strong>ad</strong></span> <span class='ocrx_word' id='word_1_160' title='bbox 1109 2965 1300 3053; x_wconf 77' lang='lat' dir='ltr'><strong>angtrstau-</strong></span> 
     </span>
     <span class='ocr_line' id='line_1_24' title="bbox 196 3072 1297 3166; baseline 0.001 -22"><span class='ocrx_word' id='word_1_161' title='bbox 196 3072 281 3144; x_wconf 88' lang='lat' dir='ltr'><strong>dam</strong></span> <span class='ocrx_word' id='word_1_162' title='bbox 313 3072 553 3166; x_wconf 70' lang='lat' dir='ltr'><strong>affirmativam</strong></span> <span class='ocrx_word' id='word_1_163' title='bbox 587 3073 721 3144; x_wconf 88' lang='lat' dir='ltr'><strong>formae.</strong></span> <span class='ocrx_word' id='word_1_164' title='bbox 784 3073 1095 3158; x_wconf 85' lang='lat' dir='ltr'><strong>Quemadmodum</strong></span> <span class='ocrx_word' id='word_1_165' title='bbox 1129 3076 1224 3145; x_wconf 90' lang='lat' dir='ltr'><strong>enim</strong></span> <span class='ocrx_word' id='word_1_166' title='bbox 1260 3075 1297 3146; x_wconf 92' lang='lat' dir='ltr'><strong>in</strong></span> 
     </span>
     <span class='ocr_line' id='line_1_25' title="bbox 197 3186 1296 3287; baseline 0.001 -29"><span class='ocrx_word' id='word_1_167' title='bbox 197 3189 375 3260; x_wconf 80' lang='lat' dir='ltr'><strong>instantiis</strong></span> <span class='ocrx_word' id='word_1_168' title='bbox 407 3186 634 3287; x_wconf 66' lang='lat' dir='ltr'><strong>mipraattiua</strong></span> <span class='ocrx_word' id='word_1_169' title='bbox 666 3198 877 3284; x_wconf 79' lang='lat' dir='ltr'><strong>angustatur</strong></span> <span class='ocrx_word' id='word_1_170' title='bbox 909 3189 1115 3287; x_wconf 63' lang='lat' dir='ltr'><strong>affirmativa</strong></span> <span class='ocrx_word' id='word_1_171' title='bbox 1149 3189 1296 3274; x_wconf 85' lang='lat' dir='ltr'><strong>formae;</strong></span> 
     </span>
     <span class='ocr_line' id='line_1_26' title="bbox 196 3303 1298 3397; baseline 0 -23"><span class='ocrx_word' id='word_1_172' title='bbox 196 3305 262 3375; x_wconf 80' lang='lat' dir='ltr'><strong>vir.</strong></span> <span class='ocrx_word' id='word_1_173' title='bbox 284 3316 327 3374; x_wconf 86' lang='lat' dir='ltr'><strong>ut</strong></span> <span class='ocrx_word' id='word_1_174' title='bbox 351 3305 547 3376; x_wconf 70' lang='lat' dir='ltr'><strong>neaemario</strong></span> <span class='ocrx_word' id='word_1_175' title='bbox 571 3305 656 3397; x_wconf 90' lang='lat' dir='ltr'><strong>poni</strong></span> <span class='ocrx_word' id='word_1_176' title='bbox 683 3304 813 3376; x_wconf 87' lang='lat' dir='ltr'><strong>debeat</strong></span> <span class='ocrx_word' id='word_1_177' title='bbox 838 3305 952 3376; x_wconf 83' lang='lat' dir='ltr'><strong>forma</strong></span> <span class='ocrx_word' id='word_1_178' title='bbox 977 3307 1028 3376; x_wconf 93' lang='lat' dir='ltr'><strong>rei</strong></span> <span class='ocrx_word' id='word_1_179' title='bbox 1053 3327 1130 3375; x_wconf 84' lang='lat' dir='ltr'><strong>esse</strong></span> <span class='ocrx_word' id='word_1_180' title='bbox 1152 3303 1298 3396; x_wconf 89' lang='lat' dir='ltr'><strong>aliquid,</strong></span> 
     </span>
     <span class='ocr_line' id='line_1_27' title="bbox 196 3419 1300 3516; baseline -0.002 -26"><span class='ocrx_word' id='word_1_181' title='bbox 196 3420 292 3514; x_wconf 86' lang='lat' dir='ltr'><strong>quod</strong></span> <span class='ocrx_word' id='word_1_182' title='bbox 319 3443 383 3514; x_wconf 88' lang='lat' dir='ltr'><strong>per</strong></span> <span class='ocrx_word' id='word_1_183' title='bbox 404 3429 524 3492; x_wconf 87' lang='lat' dir='ltr'><strong>aetum</strong></span> <span class='ocrx_word' id='word_1_184' title='bbox 546 3419 647 3492; x_wconf 86' lang='lat' dir='ltr'><strong>illum</strong></span> <span class='ocrx_word' id='word_1_185' title='bbox 665 3421 887 3516; x_wconf 71' lang='lat' dir='ltr'><strong>miprotionia</strong></span> <span class='ocrx_word' id='word_1_186' title='bbox 913 3420 1051 3490; x_wconf 87' lang='lat' dir='ltr'><strong>inditur</strong></span> <span class='ocrx_word' id='word_1_187' title='bbox 1073 3428 1138 3489; x_wconf 89' lang='lat' dir='ltr'><strong>aut</strong></span> <span class='ocrx_word' id='word_1_188' title='bbox 1160 3419 1300 3490; x_wconf 86' lang='lat' dir='ltr'><strong>destru-</strong></span> 
     </span>
     <span class='ocr_line' id='line_1_28' title="bbox 195 3595 1302 3670; baseline -0.003 -16"><span class='ocrx_word' id='word_1_189' title='bbox 195 3598 253 3654; x_wconf 77' lang='lat' dir='ltr'><strong>uin</strong></span> <span class='ocrx_word' id='word_1_190' title='bbox 271 3597 392 3670; x_wconf 84' lang='lat' dir='ltr'><strong>qualities</strong></span> <span class='ocrx_word' id='word_1_191' title='bbox 410 3615 442 3654; x_wconf 86' lang='lat' dir='ltr'><strong>or</strong></span> <span class='ocrx_word' id='word_1_192' title='bbox 459 3598 605 3670; x_wconf 82' lang='lat' dir='ltr'><strong>properties</strong></span> <span class='ocrx_word' id='word_1_193' title='bbox 627 3598 725 3670; x_wconf 80' lang='lat' dir='ltr'><strong>always</strong></span> <span class='ocrx_word' id='word_1_194' title='bbox 769 3616 834 3670; x_wconf 88' lang='lat' dir='ltr'><strong>pose</strong></span> <span class='ocrx_word' id='word_1_195' title='bbox 862 3598 921 3654; x_wconf 86' lang='lat' dir='ltr'><strong>that</strong></span> <span class='ocrx_word' id='word_1_196' title='bbox 947 3597 1031 3664; x_wconf 85' lang='lat' dir='ltr'><strong>these,</strong></span> <span class='ocrx_word' id='word_1_197' title='bbox 1058 3595 1101 3654; x_wconf 87' lang='lat' dir='ltr'><strong>his</strong></span> <span class='ocrx_word' id='word_1_198' title='bbox 1128 3595 1302 3653; x_wconf 83' lang='lat' dir='ltr'><strong>“Universal</strong></span> 
     </span>
     <span class='ocr_line' id='line_1_29' title="bbox 195 3675 1302 3811; baseline 0 -2"><span class='ocrx_word' id='word_1_199' title='bbox 195 3693 359 3809; x_wconf 61' lang='grc' dir='ltr'>ιιιιι</span> <span class='ocrx_word' id='word_1_200' title='bbox 767 3675 1302 3811; x_wconf 50' lang='lat' dir='ltr'><strong>mmm</strong></span> 
     </span>
     <span class='ocr_line' id='line_1_30' title="bbox 197 3753 1304 3907; baseline -0.001 -20"><span class='ocrx_word' id='word_1_201' title='bbox 197 3753 493 3888; x_wconf 54' lang='lat' dir='ltr'><strong>Inffipgpm</strong></span> <span class='ocrx_word' id='word_1_202' title='bbox 505 3772 726 3905; x_wconf 43' lang='lat' dir='ltr'><strong>dramati}</strong></span> <span class='ocrx_word' id='word_1_203' title='bbox 765 3773 903 3907; x_wconf 59' lang='lat' dir='ltr'><strong>arewduly,</strong></span> <span class='ocrx_word' id='word_1_204' title='bbox 925 3835 954 3889; x_wconf 88' lang='lat' dir='ltr'><strong>in</strong></span> <span class='ocrx_word' id='word_1_205' title='bbox 976 3834 1079 3906; x_wconf 79' lang='lat' dir='ltr'><strong>reality,</strong></span> <span class='ocrx_word' id='word_1_206' title='bbox 1100 3772 1304 3904; x_wconf 56' lang='lat' dir='ltr'><strong>moprgugeneial</strong></span> 
     </span>
     <span class='ocr_line' id='line_1_31' title="bbox 195 3908 1303 3983; baseline -0.001 -18"><span class='ocrx_word' id='word_1_207' title='bbox 195 3927 230 3965; x_wconf 87' lang='lat' dir='ltr'><strong>au</strong></span> <span class='ocrx_word' id='word_1_208' title='bbox 243 3909 408 3966; x_wconf 77' lang='lat' dir='ltr'><strong>Affirmativo</strong></span> <span class='ocrx_word' id='word_1_209' title='bbox 419 3911 473 3966; x_wconf 85' lang='lat' dir='ltr'><strong>aad</strong></span> <span class='ocrx_word' id='word_1_210' title='bbox 485 3929 501 3966; x_wconf 84' lang='lat' dir='ltr'><strong>a</strong></span> <span class='ocrx_word' id='word_1_211' title='bbox 513 3909 643 3983; x_wconf 75' lang='lat' dir='ltr'><strong>Negativs</strong></span> <span class='ocrx_word' id='word_1_212' title='bbox 658 3911 724 3968; x_wconf 81' lang='lat' dir='ltr'><strong>side.</strong></span> <span class='ocrx_word' id='word_1_213' title='bbox 766 3919 922 3967; x_wconf 83' lang='lat' dir='ltr'><strong>statemeuts</strong></span> <span class='ocrx_word' id='word_1_214' title='bbox 934 3911 1091 3983; x_wconf 77' lang='lat' dir='ltr'><strong>embracing</strong></span> <span class='ocrx_word' id='word_1_215' title='bbox 1109 3911 1167 3966; x_wconf 84' lang='lat' dir='ltr'><strong>that</strong></span> <span class='ocrx_word' id='word_1_216' title='bbox 1178 3908 1267 3966; x_wconf 79' lang='lat' dir='ltr'><strong>which</strong></span> <span class='ocrx_word' id='word_1_217' title='bbox 1279 3911 1303 3964; x_wconf 82' lang='lat' dir='ltr'><strong>&#39;u</strong></span> 
     </span>
     <span class='ocr_line' id='line_1_32' title="bbox 197 3987 1305 4063; baseline -0.002 -19"><span class='ocrx_word' id='word_1_218' title='bbox 197 3987 289 4044; x_wconf 85' lang='lat' dir='ltr'><strong>Baoon</strong></span> <span class='ocrx_word' id='word_1_219' title='bbox 309 3999 363 4044; x_wconf 84' lang='lat' dir='ltr'><strong>sats</strong></span> <span class='ocrx_word' id='word_1_220' title='bbox 377 3988 433 4045; x_wconf 85' lang='lat' dir='ltr'><strong>this</strong></span> <span class='ocrx_word' id='word_1_221' title='bbox 446 3989 522 4045; x_wconf 80' lang='lat' dir='ltr'><strong>Cissa</strong></span> <span class='ocrx_word' id='word_1_222' title='bbox 540 4007 604 4046; x_wconf 81' lang='lat' dir='ltr'><strong>orer</strong></span> <span class='ocrx_word' id='word_1_223' title='bbox 621 3991 726 4061; x_wconf 71' lang='lat' dir='ltr'><strong>agnam</strong></span> <span class='ocrx_word' id='word_1_224' title='bbox 767 4007 894 4046; x_wconf 86' lang='lat' dir='ltr'><strong>common</strong></span> <span class='ocrx_word' id='word_1_225' title='bbox 910 4000 939 4048; x_wconf 87' lang='lat' dir='ltr'><strong>to</strong></span> <span class='ocrx_word' id='word_1_226' title='bbox 957 3990 1214 4063; x_wconf 78' lang='lat' dir='ltr'><strong>manypartieulars.</strong></span> <span class='ocrx_word' id='word_1_227' title='bbox 1252 3987 1305 4042; x_wconf 83' lang='lat' dir='ltr'><strong>For</strong></span> 
     </span>
     <span class='ocr_line' id='line_1_33' title="bbox 195 4065 1304 4141; baseline -0.002 -19"><span class='ocrx_word' id='word_1_228' title='bbox 195 4067 255 4122; x_wconf 82' lang='lat' dir='ltr'><strong>that</strong></span> <span class='ocrx_word' id='word_1_229' title='bbox 266 4067 297 4122; x_wconf 81' lang='lat' dir='ltr'><strong>of</strong></span> <span class='ocrx_word' id='word_1_230' title='bbox 306 4067 483 4140; x_wconf 74' lang='lat' dir='ltr'><strong>“Mipruting</strong></span> <span class='ocrx_word' id='word_1_231' title='bbox 495 4068 663 4124; x_wconf 82' lang='lat' dir='ltr'><strong>Instanoes.”</strong></span> <span class='ocrx_word' id='word_1_232' title='bbox 767 4068 831 4141; x_wconf 83' lang='lat' dir='ltr'><strong>they</strong></span> <span class='ocrx_word' id='word_1_233' title='bbox 843 4087 887 4124; x_wconf 83' lang='lat' dir='ltr'><strong>ara</strong></span> <span class='ocrx_word' id='word_1_234' title='bbox 901 4067 1058 4141; x_wconf 76' lang='lat' dir='ltr'><strong>(aeoording</strong></span> <span class='ocrx_word' id='word_1_235' title='bbox 1074 4077 1104 4124; x_wconf 88' lang='lat' dir='ltr'><strong>to</strong></span> <span class='ocrx_word' id='word_1_236' title='bbox 1122 4069 1216 4122; x_wconf 84' lang='lat' dir='ltr'><strong>Becon</strong></span> <span class='ocrx_word' id='word_1_237' title='bbox 1233 4065 1304 4120; x_wconf 88' lang='lat' dir='ltr'><strong>him·</strong></span> 
     </span>
    </p>

    <p class='ocr_par' dir='ltr' id='par_1_4' title="bbox 197 4143 1306 4298">
     <span class='ocr_line' id='line_1_34' title="bbox 232 4143 1306 4214; baseline -0.004 -14"><span class='ocrx_word' id='word_1_238' title='bbox 232 4144 427 4202; x_wconf 59' lang='lat' dir='ltr'><strong>“Itisworth</strong></span> <span class='ocrx_word' id='word_1_239' title='bbox 438 4144 727 4203; x_wconf 77' lang='lat' dir='ltr'><strong>whilstonoticehow</strong></span> <span class='ocrx_word' id='word_1_240' title='bbox 768 4146 833 4214; x_wconf 79' lang='lat' dir='ltr'><strong>sslf)</strong></span> <span class='ocrx_word' id='word_1_241' title='bbox 855 4147 910 4202; x_wconf 89' lang='lat' dir='ltr'><strong>still</strong></span> <span class='ocrx_word' id='word_1_242' title='bbox 929 4145 1009 4202; x_wconf 82' lang='lat' dir='ltr'><strong>lisbio</strong></span> <span class='ocrx_word' id='word_1_243' title='bbox 1029 4155 1057 4201; x_wconf 89' lang='lat' dir='ltr'><strong>to</strong></span> <span class='ocrx_word' id='word_1_244' title='bbox 1078 4146 1124 4201; x_wconf 86' lang='lat' dir='ltr'><strong>the</strong></span> <span class='ocrx_word' id='word_1_245' title='bbox 1144 4143 1306 4198; x_wconf 80' lang='lat' dir='ltr'><strong>“Instantia</strong></span> 
     </span>
     <span class='ocr_line' id='line_1_35' title="bbox 197 4220 1305 4298; baseline -0.006 -18"><span class='ocrx_word' id='word_1_246' title='bbox 197 4223 289 4280; x_wconf 86' lang='lat' dir='ltr'><strong>Bsoou</strong></span> <span class='ocrx_word' id='word_1_247' title='bbox 311 4225 396 4298; x_wconf 77' lang='lat' dir='ltr'><strong>clinga</strong></span> <span class='ocrx_word' id='word_1_248' title='bbox 417 4233 446 4278; x_wconf 89' lang='lat' dir='ltr'><strong>to</strong></span> <span class='ocrx_word' id='word_1_249' title='bbox 464 4223 511 4280; x_wconf 86' lang='lat' dir='ltr'><strong>the</strong></span> <span class='ocrx_word' id='word_1_250' title='bbox 529 4225 639 4297; x_wconf 65' lang='lat' dir='ltr'><strong>logion</strong></span> <span class='ocrx_word' id='word_1_251' title='bbox 656 4224 727 4280; x_wconf 76' lang='lat' dir='ltr'><strong>iau·</strong></span> <span class='ocrx_word' id='word_1_252' title='bbox 770 4224 1012 4290; x_wconf 79' lang='lat' dir='ltr'><strong>Contradiotoria,”</strong></span> <span class='ocrx_word' id='word_1_253' title='bbox 1032 4223 1085 4279; x_wconf 85' lang='lat' dir='ltr'><strong>and</strong></span> <span class='ocrx_word' id='word_1_254' title='bbox 1108 4241 1139 4279; x_wconf 90' lang='lat' dir='ltr'><strong>so</strong></span> <span class='ocrx_word' id='word_1_255' title='bbox 1158 4239 1203 4276; x_wconf 87' lang='lat' dir='ltr'><strong>are</strong></span> <span class='ocrx_word' id='word_1_256' title='bbox 1222 4230 1252 4274; x_wconf 88' lang='lat' dir='ltr'><strong>to</strong></span> <span class='ocrx_word' id='word_1_257' title='bbox 1270 4220 1305 4274; x_wconf 85' lang='lat' dir='ltr'><strong>ba</strong></span> 
     </span>
    </p>
   </div>
   <div class='ocr_carea' id='block_1_3' title="bbox 194 4297 1306 4460">
    <p class='ocr_par' dir='ltr' id='par_1_5' title="bbox 194 4297 1306 4460">
     <span class='ocr_line' id='line_1_36' title="bbox 194 4297 1306 4375; baseline -0.006 -17"><span class='ocrx_word' id='word_1_258' title='bbox 194 4319 284 4375; x_wconf 70' lang='lat' dir='ltr'><strong>gange</strong></span> <span class='ocrx_word' id='word_1_259' title='bbox 295 4303 327 4358; x_wconf 79' lang='lat' dir='ltr'><strong>oi</strong></span> <span class='ocrx_word' id='word_1_260' title='bbox 335 4303 380 4358; x_wconf 85' lang='lat' dir='ltr'><strong>the</strong></span> <span class='ocrx_word' id='word_1_261' title='bbox 392 4302 514 4368; x_wconf 85' lang='lat' dir='ltr'><strong>Sohools,</strong></span> <span class='ocrx_word' id='word_1_262' title='bbox 527 4304 632 4375; x_wconf 68' lang='lat' dir='ltr'><strong>againm</strong></span> <span class='ocrx_word' id='word_1_263' title='bbox 640 4301 728 4358; x_wconf 77' lang='lat' dir='ltr'><strong>which</strong></span> <span class='ocrx_word' id='word_1_264' title='bbox 768 4303 936 4374; x_wconf 79' lang='lat' dir='ltr'><strong>regardedas</strong></span> <span class='ocrx_word' id='word_1_265' title='bbox 944 4303 1093 4375; x_wconf 70' lang='lat' dir='ltr'><strong>“general”</strong></span> <span class='ocrx_word' id='word_1_266' title='bbox 1101 4303 1130 4358; x_wconf 88' lang='lat' dir='ltr'><strong>in</strong></span> <span class='ocrx_word' id='word_1_267' title='bbox 1138 4300 1185 4355; x_wconf 81' lang='lat' dir='ltr'><strong>tbe</strong></span> <span class='ocrx_word' id='word_1_268' title='bbox 1191 4297 1306 4370; x_wconf 82' lang='lat' dir='ltr'><strong>popular</strong></span> 
     </span>
     <span class='ocr_line' id='line_1_37' title="bbox 197 4377 1268 4460; baseline -0.006 -24"><span class='ocrx_word' id='word_1_269' title='bbox 197 4381 232 4436; x_wconf 81' lang='lat' dir='ltr'><strong>he</strong></span> <span class='ocrx_word' id='word_1_270' title='bbox 250 4382 285 4436; x_wconf 87' lang='lat' dir='ltr'><strong>all</strong></span> <span class='ocrx_word' id='word_1_271' title='bbox 301 4381 347 4438; x_wconf 85' lang='lat' dir='ltr'><strong>the</strong></span> <span class='ocrx_word' id='word_1_272' title='bbox 367 4382 432 4437; x_wconf 85' lang='lat' dir='ltr'><strong>time</strong></span> <span class='ocrx_word' id='word_1_273' title='bbox 454 4381 597 4452; x_wconf 82' lang='lat' dir='ltr'><strong>protested.</strong></span> <span class='ocrx_word' id='word_1_274' title='bbox 635 4381 727 4453; x_wconf 89' lang='lat' dir='ltr'><strong>isup-</strong></span> <span class='ocrx_word' id='word_1_275' title='bbox 765 4377 1268 4460; x_wconf 70' lang='lat' dir='ltr'><strong>pathmthauinthescientidossuse.</strong></span> 
     </span>
    </p>
   </div>
   <div class='ocr_carea' id='block_1_4' title="bbox 800 4489 866 4547">
    <p class='ocr_par' dir='ltr' id='par_1_6' title="bbox 800 4489 866 4547">
     <span class='ocr_line' id='line_1_38' title="bbox 800 4489 866 4547; baseline 0 -8"><span class='ocrx_word' id='word_1_276' title='bbox 800 4489 866 4547; x_wconf 84' lang='lat' dir='ltr'><strong>Qa</strong></span> 
     </span>
    </p>
   </div>
   <div class='ocr_carea' id='block_1_5' title="bbox 0 0 1638 5146">
    <p class='ocr_par' dir='ltr' id='par_1_7' title="bbox 0 0 1638 5146">
     <span class='ocr_line' id='line_1_39' title="bbox 0 0 1638 5146; baseline 0 0"><span class='ocrx_word' id='word_1_277' title='bbox 0 0 1638 5146; x_wconf 95' lang='lat' dir='ltr'><strong> </strong></span> 
     </span>
    </p>
   </div>
  </div>
 </body>
</html>
