3268 5146
319 323 385 392 &6
643 318 817 385 NOVUM
840 315 1090 383 ORGANUM.

320 487 484 562 collectio
498 508 670 579 aquarum
691 486 799 558 fuisse
823 492 908 556 ante
932 483 1038 565 iacta,
1055 489 1165 574 atque
1190 483 1229 553 in
1255 483 1312 554 his
1336 483 1423 555 locis

321 605 459 676 haesisse
484 609 522 674 et
546 602 726 681 mansisse,
744 609 783 672 et
807 607 931 694 postea
954 599 1074 692 potius
1099 619 1164 691 per
1186 621 1327 670 caumm
1349 601 1424 670 vio-

321 719 455 792 lentam
482 718 622 810 dejecta
651 724 690 788 et
714 716 859 787 detrusa
888 735 1111 805 essequam
1141 713 1294 785 naturali
1320 722 1423 786 motu

319 836 504 932 gravitatis
528 833 718 906 cecidisse:
745 832 835 902 adeo
861 837 903 901 ιιι
927 829 1053 922 conjici
1080 830 1191 922 possit
1216 852 1422 924 corpoream

321 951 453 1023 molem
480 951 626 1022 densam
652 958 761 1040 atquc
786 955 1007 1039 compactam
1035 945 1073 1015 in
1100 967 1231 1040 magna
1255 947 1424 1018 distantia

319 1091 344 1140 a
365 1077 460 1140 terre
482 1065 557 1136 fore
580 1063 753 1158 pensilem
771 1071 941 1154 tanquam
963 1069 1093 1131 terram
1111 1061 1247 1154 ipsam;
1277 1083 1346 1133 nec
1366 1085 1424 1132 ca-

321 1207 450 1265 suram,
468 1183 535 1253 nisi
553 1181 751 1273 dejiciatur.
795 1176 935 1250 Verum
953 1177 998 1248 ds
1015 1177 1084 1248 hoo
1101 1176 1152 1247 nil
1168 1178 1256 1248 certi
1272 1177 1425 1250 affirma-

320 1321 412 1370 mus.
455 1297 606 1368 Interim
623 1296 660 1366 in
677 1295 744 1366 hoc
761 1303 799 1364 et
816 1295 854 1364 in
872 1292 995 1364 multis
1012 1292 1091 1364 aliis
1108 1291 1212 1364 facile
1228 1294 1422 1385 apparebit,

321 1437 426 1508 quam
445 1414 568 1505 inopes
584 1412 694 1482 simus
710 1410 863 1481 historice
880 1407 1071 1494 naturalis;
1093 1430 1176 1478 cum
1194 1407 1273 1480 loco
1290 1409 1424 1480 instan-

320 1532 450 1603 tiarum
467 1537 643 1600 certamin
662 1547 917 1618 nonnunquam
934 1525 1194 1618 suppositiones
1216 1521 1342 1596 afferre
1359 1547 1423 1618 pro

320 1643 495 1737 exemplis
512 1663 692 1736 cogamur.

372 1758 544 1831 Similiter
566 1759 614 1829 sit
630 1765 756 1828 natura
773 1757 951 1850 inquisita,
969 1755 1146 1828 discursus
1168 1754 1314 1850 ingenii.
1358 1755 1425 1828 Vi·

321 1877 428 1946 detur
444 1876 587 1946 omnino
605 1872 730 1946 divisio
747 1896 840 1958 vera,
858 1874 1003 1946 rationis
1022 1872 1195 1959 humanm,
1212 1883 1251 1944 et
1267 1873 1423 1944 solertiae

321 1988 536 2064 brutorum⁵.
587 1988 763 2062 Attamen
794 1999 879 2061 sunt
907 1988 1087 2062 nonnulla
1112 1988 1289 2059 instantiae
1314 1990 1424 2060 actio·

321 2131 419 2192 num,
440 2130 518 2199 quc
542 2105 699 2178 eduntur
723 2128 746 2175 a
769 2105 895 2189 brutis,
922 2128 985 2198 per
1009 2126 1096 2198 quas
1122 2104 1289 2175 videntur
1314 2105 1423 2176 etiam

321 2224 428 2295 bruta
452 2221 551 2314 quasi
577 2218 805 2314 syllogizare:
831 2229 874 2292 ut
896 2222 1074 2292 memoriae
1096 2221 1278 2313 proditum
1302 2231 1357 2291 est
1379 2220 1425 2292 de

323 2361 452 2423 corv03
478 2337 539 2429 qui
556 2357 782 2430 permagnus
799 2338 977 2408 siccitates
994 2338 1068 2407 fers
1089 2344 1237 2409 enectus
1254 2337 1324 2419 siti,
1341 2359 1426 2407 con·

323 2453 442 2548 spexit
463 2473 590 2544 aquam
613 2451 650 2520 in
674 2459 801 2523 trunco
824 2475 911 2525 cavo
934 2453 1091 2537 arboris;
1116 2459 1224 2544 atque
1248 2475 1332 2523 cum
1354 2475 1425 2525 non

323 2569 468 2640 daretur
483 2569 517 2638 ei
534 2567 666 2638 intrare
684 2575 829 2660 propter
844 2569 1033 2662 angustias,
1052 2590 1123 2638 non
1141 2568 1293 2638 cessavit
1304 2567 1425 2660 jaccrc

321 2683 455 2754 multos
480 2680 630 2775 lapillos,
647 2704 710 2774 per
733 2705 822 2775 quos
848 2694 1011 2778 surgeret
1033 2695 1071 2754 et
1094 2683 1301 2755 ascenderet
1324 2707 1425 2777 aqua,

323 2806 366 2869 ut
382 2797 505 2868 bibere
521 2805 663 2890 ponem
689 2797 784 2889 quod
802 2807 926 2890 postea
942 2799 1048 2870 cessit
1065 2799 1102 2868 in
1118 2797 1359 2890 proverbium.

374 2913 551 2986 Similiter
571 2913 618 2984 sit
634 2920 760 2984 natura
777 2914 955 3006 inquisita
975 2911 1122 2984 visibile.
1174 2911 1333 2985 Videtur
1350 2937 1427 2987 om·

360 3137 373 3178 ⁸
389 3137 466 3210 'lhey
478 3137 538 3192 who
549 3138 626 3192 allow
636 3153 700 3192 man
713 3153 749 3191 no
761 3134 857 3207 higher
896 3135 1007 3192 immtia
1023 3135 1072 3190 liet
1088 3135 1118 3189 in
1133 3153 1170 3190 no
1187 3152 1235 3190 aee
1252 3136 1362 3208 quality,
1374 3135 1427 3192 end

325 3217 532 3272 “Differentia”
556 3214 621 3271 than
645 3213 691 3270 the
715 3214 858 3270 scholastic
897 3215 1023 3286 certainly
1032 3221 1080 3269 not
1090 3226 1162 3268 most
1174 3214 1202 3268 in
1214 3213 1429 3269 hialetcllecteel

324 3293 613 3350 “Rationale'’-who
633 3292 730 3364 regard
751 3292 797 3347 the
815 3293 856 3348 in·
897 3292 1064 3364 superiority.
1111 3291 1163 3347 flu
1187 3291 1366 3364 “spiritual”
1389 3293 1428 3348 ia·

324 3373 444 3430 luential
467 3390 557 3444 power
579 3389 609 3427 ae
632 3371 679 3428 the
706 3371 857 3428 deductim
897 3371 991 3426 cultiee
1020 3371 1087 3424 reice
1119 3369 1176 3426 him
1205 3369 1322 3442 highest
1376 3369 1428 3426 nn

324 3452 426 3524 quality
438 3449 469 3505 oi
483 3449 743 3521 Humanity-rnuet
759 3449 857 3520 always
897 3447 986 3504 Mor-al
1001 3446 1055 3503 and
1069 3447 1156 3502 Social
1172 3449 1302 3520 qualitiee.
1316 3447 1371 3503 aad
1386 3447 1428 3504 hie

323 3527 436 3583 tr'emble
459 3535 487 3581 at
515 3543 569 3596 any
591 3526 762 3598 glimrnering
788 3525 820 3579 oi
840 3542 857 3579 ιι
897 3543 986 3597 ponem
1004 3526 1035 3580 of
1052 3525 1241 3592 combinatiom
1257 3527 1293 3581 all
1313 3527 1355 3582 liit
1373 3526 1429 3582 hina

326 3605 480 3678 Syllogietlo
500 3603 600 3676 hculty
619 3603 648 3658 in
673 3602 780 3669 Brutos,
802 3603 856 3659 aad
896 3605 980 3662 above
996 3603 1074 3660 other
1089 3613 1238 3670 creaturam
1256 3603 1312 3660 and
1323 3603 1429 3676 though

324 3681 379 3738 sear
399 3683 459 3747 leet,
475 3681 542 3736 aiter
560 3683 604 3746 all,
621 3699 685 3736 man
703 3679 802 3737 should
821 3681 856 3737 be
897 3701 971 3739 some
991 3682 1075 3755 slight
1096 3681 1200 3754 growth
1221 3682 1275 3738 aad
1295 3683 1429 3755 improve-

324 3759 441 3831 nothing
455 3775 530 3813 more
545 3758 611 3813 than
623 3776 639 3813 a
649 3757 744 3831 higth
755 3759 856 3830 polish·
896 3770 972 3816 ment
981 3779 1043 3833 may
1055 3761 1089 3816 be
1101 3759 1240 3815 diacerucd
1254 3760 1283 3814 in
1294 3760 1341 3816 the
1354 3779 1429 3816 men·

324 3837 358 3894 ed
378 3837 446 3908 Ape.
483 3836 536 3892 Yet
559 3853 626 3892 even
646 3836 713 3894 then
736 3836 783 3892 the
805 3837 857 3909 gill
896 3837 1429 3910 uipowerefitoaemayhepardoaed

323 3915 355 3972 oi
376 3913 472 3986 speech
496 3915 626 3984 (μιρόπιιν
647 3915 721 3986 γινοι
744 3915 855 3986 ἀνδρῶν)
896 3915 1430 3989 iorenohlangaegeloidomeaticeted

324 3992 414 4050 would
433 3991 571 4047 demach
591 4001 620 4048 to
640 3991 803 4064 distinguish
823 4011 857 4049 us
896 3993 1429 4068 heaemyethianeloueiareallypro·

324 4073 394 4128 nam
409 4087 461 4128 our
476 4071 635 4141 unpleasant
649 4071 813 4143 neighboure
827 4072 857 4127 in
897 4075 1126 4146 gramine—alone
1139 4091 1187 4128 can
1200 4072 1373 4145 consciouely
1382 4089 1431 4128 uae

324 4151 370 4207 tha
387 4150 458 4207 scale
472 4149 505 4205 oi
514 4147 654 4203 madon:
672 4148 778 4222 though
794 4150 857 4205 here
897 4151 945 4206 the
969 4151 1126 4224 knowledge
1149 4149 1179 4204 os
1205 4147 1250 4205 hie
1276 4149 1377 4206 fathers
1402 4166 1430 4204 ae

324 4239 370 4286 too
381 4247 422 4286 wc
437 4225 572 4299 approach
583 4243 600 4280 ι
610 4227 677 4284 little
690 4237 736 4284 too
752 4245 816 4282 near
828 4237 858 4284 to
898 4247 990 4286 meane
1002 4231 1046 4288 lor
1055 4231 1102 4286 the
1113 4231 1232 4285 inertem
1244 4227 1275 4282 ol
1284 4227 1328 4284 hie
1339 4245 1410 4285 own.

326 4309 443 4365 Parente.
476 4305 541 4372 But,
554 4305 582 4360 in
594 4303 678 4371 trudi,
693 4305 784 4362 hian'e
798 4306 857 4362 Dit-
