3268 5146
336 361 401 424 228
667 357 840 424 NOVUM
864 356 1110 425 ORGANUM.

335 526 432 610 itur;
460 527 513 596 itu
535 527 642 596 etism
661 527 699 596 iu
716 525 894 598 instantiis
916 523 1097 596 comitatus
1119 527 1330 616 angustatur
1346 521 1440 612 affir-

336 639 463 712 mativa
493 640 637 724 formae3
677 649 718 712 ut
747 642 944 712 necessario
970 640 1056 733 poni
1089 637 1218 708 debent
1245 635 1360 704 forma
1388 633 1440 702 rei

335 777 412 826 esse
434 756 580 848 aliquid,
598 756 693 848 quod
718 755 827 826 telem
853 757 1117 826 concretionem
1140 753 1295 845 corporis
1317 749 1441 820 subin·

334 871 527 963 gredietun
544 880 608 942 eut
625 881 749 942 contra
765 871 810 941 sb
829 869 954 942 endem
972 867 1182 950 obhorroot3
1208 875 1250 936 ut
1267 866 1329 958 qui
1345 865 1440 936 bone

335 987 430 1057 norit
446 987 737 1058 constitutionem
756 995 820 1056 eut
836 984 1126 1055 schematismum
1143 981 1346 1076 hujusmodi
1363 1003 1441 1050 cor-

335 1104 441 1194 poris,
452 1125 521 1173 uou
540 1101 647 1196 longe
664 1101 818 1172 obfuerit
836 1101 881 1172 ub
898 1099 1118 1172 extrahendo
1133 1099 1171 1169 iu
1188 1098 1307 1170 lucem
1325 1097 1440 1168 forma

335 1226 470 1288 nuturae
487 1218 673 1309 inquisitu.

386 1331 552 1426 Exempli
576 1333 714 1426 grotie3
742 1335 789 1403 sit
813 1340 940 1404 notura
962 1331 1140 1424 inquisitu,
1158 1329 1325 1402 calidum.
1375 1324 1440 1397 In·

334 1448 464 1518 stantia
485 1448 665 1520 comitatus
688 1459 743 1520 est
765 1445 950 1519 flammam.
1005 1447 1149 1518 Etenim
1172 1448 1208 1516 iu
1227 1467 1330 1538 aqua,
1347 1445 1439 1526 n'e're,

335 1561 463 1655 lepide,
482 1562 639 1646 metullo,
657 1573 695 1634 et
711 1563 789 1635 eliis
806 1564 1084 1658 quamplurimis,
1103 1561 1199 1634 color
1215 1571 1271 1632 est
1287 1559 1439 1642 mobilis,

335 1686 374 1748 et
398 1677 566 1749 accedero
592 1685 711 1770 potest
737 1688 775 1750 et
800 1679 987 1751 recodere:
1012 1688 1051 1750 ut
1075 1679 1190 1749 omnis
1215 1675 1359 1747 flammo
1384 1684 1439 1746 est

334 1790 458 1875 aalide,
486 1791 536 1862 ito
566 1802 608 1862 ut
637 1792 733 1864 color
761 1795 798 1864 iu
830 1796 1056 1867 concretione
1085 1793 1236 1865 flommae
1265 1803 1438 1885 perpetuo

335 1916 513 1999 sequetur.
564 1906 617 1977 At
647 1907 816 1980 instantia
844 1907 979 1981 tarenis
1006 1910 1110 1981 celidi
1140 1908 1240 1980 nullo
1265 1908 1439 2002 reperitur

334 2023 428 2116 opud
456 2045 531 2096 uos.
586 2023 683 2094 Num
708 2027 753 2096 de
774 2027 966 2098 viscoribus
990 2037 1091 2098 terroe
1116 2025 1207 2097 nihil
1230 2035 1370 2096 constet
1392 2023 1438 2095 ud

334 2161 501 2224 sensum3
537 2140 599 2210 sed
626 2163 750 2212 eorum
776 2165 974 2238 corporum,
1000 2165 1079 2235 quoe
1104 2142 1207 2213 nobis
1232 2149 1319 2212 notu
1343 2149 1438 2222 sunt,

334 2255 434 2328 nullu
459 2279 601 2350 prorsus
627 2267 682 2328 est
708 2261 900 2343 concretio,
920 2283 998 2352 quae
1023 2281 1095 2329 non
1122 2267 1178 2329 est
1202 2255 1440 2350 susceptibilis

336 2370 472 2444 caloris.

383 2484 438 2558 At
460 2510 588 2570 rursus,
606 2489 652 2560 sit
673 2497 801 2559 ustura
826 2491 1005 2582 inquisito,
1023 2491 1243 2562 consistens:
1270 2487 1438 2560 instantia

334 2597 469 2674 instilis
486 2612 541 2674 oet
558 2605 626 2675 u'e'r.
677 2603 821 2674 Etenim
840 2605 1025 2676 metullum
1046 2615 1166 2698 potest
1183 2605 1301 2688 liuere,
1319 2613 1439 2698 potest

335 2719 547 2800 consistere3
578 2717 742 2790 similiter
767 2721 924 2810 vitrum;
959 2722 1068 2792 etium
1095 2745 1187 2813 uque
1211 2729 1330 2814 potest
1355 2743 1438 2792 con-

334 2832 467 2918 sistere,
486 2858 568 2905 cum
586 2833 844 2929 congluoictur:
872 2847 909 2908 nt
926 2837 1143 2932 impossibile
1165 2847 1277 2910 estut
1297 2841 1357 2910 uir
1372 2862 1439 2909 un-

334 2973 441 3044 qnsm
457 2952 636 3034 consistet,
654 2961 718 3022 cut
734 2961 845 3024 exuat
862 2954 1021 3025 fluorem.

384 3069 519 3140 Verum
547 3069 592 3140 de
618 3069 796 3142 instantiis
823 3071 1024 3164 hujusmodi
1046 3069 1323 3166 propositionum
1338 3071 1439 3166 fisa-

335 3207 414 3255 rnm
431 3194 621 3280 supersunt
638 3185 709 3256 duo
734 3188 880 3270 monita,
899 3209 977 3279 quse
994 3184 1099 3256 utilio
1118 3187 1260 3256 suntad
1286 3187 1322 3256 id
1340 3187 1437 3279 quod

333 3302 460 3395 agitur.
513 3301 685 3382 Primum,
703 3312 745 3373 ut
768 3304 797 3374 si
821 3303 976 3375 defuerit
993 3300 1100 3395 plane
1123 3302 1328 3374 universalis
1344 3305 1438 3396 affir-

334 3417 461 3489 mativa
479 3428 541 3488 aut
558 3419 725 3516 neyntina,
743 3417 830 3488 illud
848 3421 964 3512 iprum
984 3415 1175 3512 diligenter
1198 3427 1343 3489 notetur
1360 3429 1439 3490 tau-

333 3556 440 3625 qusm
464 3533 673 3606 non-ens⁹¹:
700 3537 793 3606 sicut
818 3536 968 3608 fecimus
994 3534 1038 3604 de
1064 3536 1192 3621 calido,
1214 3536 1277 3608 ubi
1298 3538 1438 3608 univer-

333 3647 415 3718 sulis
444 3652 609 3742 negativo
643 3649 835 3743 (quotenus
868 3651 913 3722 ad
949 3652 1055 3734 entia,
1088 3676 1166 3744 quae
1199 3653 1244 3724 sd
1280 3661 1436 3724 nostrum

369 3881 394 3922 ⁹⁰
406 3887 424 3912 “
435 3881 513 3955 Body
525 3883 578 3940 sud
587 3885 720 3956 Weight”
730 3886 819 3942 wourld
831 3887 865 3942 bs
905 3887 941 3942 tic
955 3897 1037 3943 terme
1049 3889 1136 3960 egeln.
1172 3889 1231 3944 'I'he
1244 3889 1302 3944 first
1319 3889 1351 3944 ol
1363 3889 1438 3945 those

333 3979 349 4016 n
372 3979 436 4032 very
457 3959 529 4032 good
554 3961 678 4018 lustuucs
702 3963 732 4018 ol
750 3963 865 4020 Accom·
906 3973 958 4020 two
974 3966 1079 4022 Manita
1099 3968 1122 4022 is
1140 3969 1196 4022 also
1214 3985 1279 4039 very
1296 3967 1438 4023 scholastic

333 4040 479 4112 pauiment,
498 4037 551 4093 end
570 4041 796 4114 “'Irnuspnrsney
811 4043 864 4098 und
906 4045 934 4098 in
946 4043 1244 4116 chmcter-mleniug
1255 4056 1284 4102 to
1302 4046 1348 4102 the
1363 4045 1438 4102 older

333 4116 571 4190 Mullesbility”ol
581 4117 717 4191 Hostility.
749 4119 864 4178 Bacon’s
906 4124 1084 4193 speculatione
1113 4141 1149 4179 on
1178 4125 1272 4196 things
1297 4126 1439 4180 “edestisl

332 4197 453 4254 mauce
468 4195 499 4250 oi
510 4195 651 4251 “Airaud
664 4197 864 4272 Comistsucy”
905 4201 958 4256 and
988 4203 1158 4268 terrestrisl‚”
1187 4203 1283 4268 which,
1314 4205 1438 4275 propuly

332 4277 398 4334 iuni
407 4273 532 4330 doubtful
543 4275 627 4330 truth.
905 4281 1043 4352 speaking,
1057 4280 1351 4338 Buconhssexcludsd
1367 4282 1436 4338 iram

367 4355 390 4396 ⁹¹
412 4353 492 4410 Entin
505 4352 559 4408 und
571 4353 863 4412 nonensis-scholas·
904 4358 946 4414 his
959 4359 1081 4416 Mothod.
